2890 4812
379 363 494 453 613.
536 365 593 438 De
618 365 955 462 praepositionibus.
1118 337 1214 448 Ι367

115 567 312 657 apparatio
332 567 463 657 vulgari
488 565 649 654 ἀμφορεύς
670 591 731 658 pso
754 567 952 656 ἀμφιφορεύς
981 583 1015 636 ct
1036 572 1070 638 iu
1093 574 1213 642 Latino

113 669 315 760 anquiro,
349 691 503 758 anceps
532 681 565 734 ct
594 669 781 751 similibus,
814 695 897 760 quac
918 697 993 738 cum
1012 675 1103 740 amb
1125 698 1211 744 coan-

113 771 223 862 poaita
247 783 336 838 sunt.
380 771 432 836 Eo
453 771 618 860 pertinent
640 771 770 860 glossae
794 773 1038 862 Hesychianacz
1062 777 1212 859 ἄμπαν-

114 875 200 948 δες,
224 877 254 938 ai
274 877 337 936 udo
359 875 487 938 παίδων·
499 872 729 956 ἐπιμελούμεναι
750 873 837 956 παρὰ
851 874 1027 960 Λάκωσιν,
1048 880 1137 968 quod
1151 905 1211 970 pro

113 972 306 1056 ἆμφίπαιδες
328 974 450 1043 dictum
473 975 680 1054 existimant,
712 975 907 1056 ἀμπέσαν,
939 977 1107 1062 ἀμφιεάαν·
1137 984 1212 1048 Ad·

111 1099 231 1160 νωνες,
255 1077 343 1165 quod
365 1099 424 1166 pro
448 1073 605 1156 ἅμΡέσαν,
637 1076 817 1160 ἀμφιΡέσαν
838 1086 916 1174 cs'sc¹
935 1105 1030 1169 supra
1053 1084 1209 1173 suspicati

111 1201 229 1243 sumus
251 1178 283 1260 ἓ.
304 1179 336 1259 5,
353 1178 393 1263 7,
418 1177 747 1262 ἆγχρνάνασθαν,
772 1183 1049 1265 περιαλείψασθαι.
1095 1186 1208 1275 ltaque

111 1275 197 1361 ἀμφὶ
217 1301 361 1368 apocope
390 1279 468 1363 illa,
502 1302 645 1346 consona
674 1307 698 1363 φ
727 1281 850 1367 ejecta,
891 1283 925 1348 in
955 1287 1208 1376 praepositionis

110 1381 174 1446 ἀνά
198 1381 276 1446 item
298 1404 465 1470 apocopen
486 1403 602 1470 passae
624 1381 872 1451 similitudinem
890 1383 1061 1472 redigitur.
1098 1388 1209 1472 Quare

110 1483 262 1574 suspicio
285 1483 407 1568 oritur,
441 1505 519 1548 uum
542 1485 627 1549 forto
648 1484 683 1548 in
706 1486 743 1548 ἂν
764 1484 817 1550 τὸν
838 1485 944 1552 ὀδελὸν
971 1487 1209 1573 ἀμπεπαρμένον
1329 1509 1336 1524 ·

107 1587 260 1650 Aeliam.
284 1585 349 1652 762
379 1587 417 1649 ἄν
443 1610 511 1674 nou
541 1585 584 1652 sit
611 1609 671 1675 pro
694 1585 769 1668 ἀνά,
803 1588 898 1675 cujus
920 1589 979 1654 ille
1001 1613 1082 1656 usas
1103 1616 1208 1659 novus

109 1697 224 1771 essct,
257 1687 316 1752 sed
337 1711 399 1776 pao
422 1686 519 1768 ἀμφί,
550 1687 638 1776 quod
660 1687 695 1752 in
718 1709 788 1752 caua
811 1691 1004 1756 senteutiam
1027 1718 1067 1758 ex
1087 1695 1206 1762 Homo·

108 1789 179 1856 rica
201 1790 369 1854 locotione
393 1787 474 1871 ἀμφ’
498 1788 653 1872 ὀβελοῖσιν
674 1788 802 1875 ἔπειραν
820 1791 1028 1858 notissimum
1050 1805 1114 1862 est.
1154 1793 1206 1860 Nc

108 1891 350 1976 (ἐμπεπαρμένας
369 1892 447 1956 ilem
471 1891 748 1980 praepositionem
771 1890 853 1974 ἀμφί
871 1893 1040 1961 continere
1061 1895 1205 1983 suspice·

107 2017 205 2078 mun,
228 1993 380 2082 pcolailaet
400 1993 545 2058 Acheru.
569 1993 632 2058 975
656 1992 695 2058 ἵν’
720 1991 873 2076 ἀναπείρω
894 1993 950 2069 τὰς
973 2000 1086 2082 κίχλας.

196 2097 234 2162 lu
257 2096 490 2162 Alaesinonnn
518 2095 667 2160 terminis
698 2095 829 2186 saepius
858 2095 895 2158 ἂν
922 2102 979 2162 τοῦ
998 2098 1127 2177 dalonen
1153 2120 1202 2161 re-

108 2199 235 2288 petitor
255 2223 314 2288 pao
338 2197 399 2263 aiud
421 2202 477 2264 τοῦ
498 2201 550 2279 d,
585 2197 614 2262 si
636 2219 769 2264 sensum
792 2207 930 2285 spectas.
978 2193 1102 2262 Novam
1133 2219 1202 2262 eam

107 2325 278 2392 apocopen
300 2325 340 2366 co
362 2299 467 2389 magis
491 2293 676 2388 suspectam
705 2299 880 2375 habemus,
913 2297 1001 2387 quud
1032 2296 1201 2388 inscriptio

106 2403 209 2469 solito
231 2425 394 2493 apocopae
418 2423 539 2492 genere
567 2401 727 2485 abstinel3
759 2401 870 2490 itaque
899 2395 1095 2468 accuratiora
1125 2425 1201 2490 apo·

106 2505 232 2594 grapha
254 2506 452 2594 expectanda
474 2515 562 2569 sunt.

194 2607 230 2690 3)
275 2610 382 2690 Περί
402 2607 593 2696 plenumque
615 2603 649 2668 in
673 2604 800 2674 Doride
821 2613 858 2668 nl
877 2607 976 2694 vulgo
995 2628 1105 2696 neque
1124 2619 1200 2695 apo·

108 2733 212 2798 copae
241 2733 351 2800 neque
376 2707 526 2775 elisionis
552 2705 681 2794 patiens
705 2717 767 2772 est.
819 2705 860 2770 lu
882 2729 949 2773 uno
970 2707 1100 2774 decreto
1120 2709 1200 2772 Am·

108 2809 502 2900 phielyouicour.1688
530 2805 555 2872 l.
581 2807 621 2872 16
648 2805 797 2876 elisionis
823 2809 1009 2898 exemplem
1039 2810 1200 2898 reperitur

107 2913 253 2998 πέροδας.
298 2909 422 2980 Eadem
450 2909 541 2975 vocis
572 2911 674 2976 forma
703 2909 790 2997 apud
811 2909 988 2975 Pindarum
1010 2911 1133 3000 legitur
1154 2913 1198 2978 N.

106 3015 178 3098 xl,
201 3015 245 3082 40
259 3014 313 3100 3),
336 3015 393 3105 qni
414 3021 582 3101 practerea
601 3008 767 3092 περάπτων
788 3011 829 3076 Ρ.
852 3011 923 3088 lll,
946 3011 1008 3096 42,
1038 3013 1200 3098 περιδαῖος

106 3117 149 3181 1ε.
175 3117 260 3198 126,
294 3111 366 3196 περ’
390 3112 519 3178 ἅελάεου
539 3111 649 3186 πάθας
670 3111 726 3176 01.
750 3113 820 3194 Vl,
844 3113 906 3196 38,
944 3112 1018 3197 περ’
1041 3115 1136 3190 αὐτοῖς
1156 3113 1196 3177 P.

105 3217 169 3299 lv,
192 3217 257 3283 265
284 3215 351 3282 vid.
374 3213 519 3282 Bocclal.
542 3212 631 3281 Non
655 3211 751 3280 crin.
781 3237 816 3302 p.
839 3215 902 3280 376
927 3223 960 3280 cl
987 3214 1028 3279 ad
1057 3216 1099 3280 l'c.
1124 3214 1197 3282 126.

106 3319 189 3383 ltem
212 3319 247 3384 iu
267 3317 410 3385 Hesiodi
430 3315 625 3406 Theogonia
645 3315 722 3384 678.
744 3316 808 3382 733
835 3327 912 3382 suut
937 3318 1064 3402 περίαχε
1091 3327 1125 3381 ct
1144 3340 1199 3380 πε-

105 3422 265 3506 ροὶχεται,
289 3430 322 3484 et
343 3419 507 3508 pectinent
527 3417 641 3484 eodem
658 3417 818 3506 Hesychii
835 3419 966 3506 glossae
987 3416 1198 3502 περὸσχια,

104 3521 143 3586 τὰ
158 3519 241 3606 ῥάκη
264 3520 411 3604 eliuth,
435 3518 657 3602 περώσιον,
681 3520 777 3603 μέγα,
799 3517 1051 3604 περομνύναε
1071 3519 1197 3598 (itaeo-

106 3623 196 3700 dcx),
221 3621 360 3707 ἐλέγχειν.
406 3622 440 3688 ls
463 3620 614 3688 elisionis
635 3643 719 3686 usus
740 3645 781 3686 cx
796 3619 934 3686 Aeolica
947 3618 1086 3684 dialecto
1106 3640 1197 3708 repc-

103 3725 184 3791 liun·
205 3722 272 3788 vid.
297 3723 373 3788 L.l
398 3717 429 3811 ᾖ.
445 3724 507 3808 28,
530 3725 562 3789 3.
609 3723 769 3812 Exempla
789 3733 896 3786 tamen
920 3719 1093 3802 Lcslaiaca,
1115 3743 1198 3807 quae

103 3823 239 3915 quidem
262 3835 459 3915 supersunt,
494 3847 534 3890 eo
563 3824 736 3902 differant,
770 3821 858 3913 quod
885 3831 960 3914 post
986 3820 1156 3887 elisionem
1178 3846 1196 3902 ρ

104 3926 291 4018 geminatur
320 3938 356 3991 ut
377 3926 411 3992 iu
434 3925 600 4016 Sapphico
621 3927 785 4010 με’ρροχος.
841 3923 954 4012 ltaque
977 3919 1143 3989 llcaiodos
1165 3932 1198 3984 ct

103 4027 270 4094 Pindarus
301 4039 338 4092 et
364 4028 430 4094 alia
462 4027 621 4110 nonnulla
643 4028 687 4092 ila
708 4029 791 4091 hauc
813 4025 946 4091 dialecti
965 4023 1196 4114 proprietatem

105 4169 361 4182 .--u-.-.nn-m*

137 4253 167 4313 3)
203 4247 313 4304 Dorica
330 4245 434 4301 dieitur
452 4244 487 4300 ab
504 4241 653 4299 Eusaaahio
672 4205 801 4296 drocen.
822 4237 905 4292 Piod.
925 4255 951 4308 p.
967 4239 999 4329 ¹.²
1016 4235 1195 4294 Schneidew.
