2878 4814
278 389 355 468 dllll
530 391 565 486 ᾗ.
584 392 645 472 47.
698 395 755 469 De
775 394 947 472 universe
972 393 1121 472 Doride.

277 595 379 684 longe
408 593 538 682 alterat,
569 593 611 664 atr
638 595 773 687 'antiqua
795 598 993 666 Graecorum
1021 598 1137 690 lingua
1163 599 1221 667 vix
1247 600 1370 682 miuus,

156 711 159 726 '
278 697 437 764 diversam
459 708 567 764 tamen
589 698 625 764 io
647 711 791 790 partem,
814 702 967 780 aberant,
999 725 1096 792 quam
1117 702 1222 768 Attici
1244 703 1371 794 ingenii

277 798 460 866 mobilitate
481 800 641 888 insigues.
695 801 887 870 Memineris
909 803 1027 886 etiam,
1061 815 1198 894 quantas
1218 803 1369 870 mutatio-

277 925 339 968 nes
361 903 603 986 Romanorum,
631 927 730 992 quem
751 904 908 996 populum
931 905 986 972 vin
1007 927 1165 972 uovorum
1189 905 1371 972 studiosum

278 1003 421 1087 dixeris,
443 1003 559 1094 lingua
572 1004 724 1072 subierit.
770 1005 907 1074 Scilicet
928 1007 963 1072 in
984 1007 1120 1097 linguae
1135 1007 1371 1074 mutationibus

276 1107 362 1175 nihil
388 1107 474 1174 valet
499 1106 696 1194 consilium,
728 1107 818 1198 quod
847 1109 955 1176 solum
975 1122 1093 1199 regnat
1119 1111 1156 1178 iu
1183 1109 1320 1200 legibus
1341 1118 1371 1173 ct

277 1206 439 1276 institutis
466 1209 646 1288 novandis,
680 1210 819 1277 multum
846 1210 1016 1300 potestatis
1042 1223 1172 1280 exercet
1193 1212 1229 1278 iu
1251 1233 1368 1278 mores.

278 1309 411 1394 Quibus
432 1311 639 1400 potissimum
665 1310 766 1377 rebus
791 1313 866 1396 liat,
900 1323 937 1376 ut
966 1313 1100 1404 antiqua
1127 1313 1263 1404 linguae
1290 1311 1369 1378 ratio

276 1422 334 1480 aut
354 1412 543 1480 immutetur
571 1423 627 1478 aut
653 1423 883 1499 conservetur,
923 1425 957 1480 et
978 1414 1111 1483 difficile
1132 1416 1246 1484 estad
1269 1413 1368 1505 expli·

276 1514 417 1582 cendum
438 1523 471 1582 et
492 1513 533 1580 alr
555 1515 618 1582 hoc
639 1515 713 1582 loco
733 1515 890 1584 alienum.

360 1613 396 1702 2)
438 1617 479 1682 ln'
509 1616 699 1684 universum
735 1617 895 1686 Doridem
932 1617 1135 1686 constantiae
1170 1617 1207 1683 iu
1238 1619 1365 1708 antiqua

277 1717 394 1808 lingua
414 1717 529 1804 laude,
553 1716 584 1785 si
603 1741 640 1784 ea
662 1718 735 1785 laus
757 1731 827 1806 eat,
851 1743 917 1786 aon
939 1719 1125 1810 privamus,
1153 1719 1364 1812 antiquiorem

275 1816 483 1910 potfiimum
516 1819 674 1888 Doridem
708 1845 783 1886 cum
823 1821 1024 1912 reliquarum
1063 1821 1277 1888 dialectorum
1312 1843 1364 1910 per

277 1921 415 1998 eaodem
445 1933 580 1990 aetatem
610 1922 799 1990 conditione
827 1935 1054 2014 comparatam.
1106 1922 1191 1990 Nam
1211 1923 1362 1990 Doridem

275 2024 412 2114 aprima
436 2047 543 2116 usque
556 2025 688 2092 dialecti
703 2023 920 2116 origiuevnou
942 2025 1144 2094 immobilem
1165 2037 1198 2092 ct
1218 2025 1362 2091 intactam

275 2125 425 2211 stetisse,
456 2127 515 2194 sed
535 2129 640 2196 varias
660 2127 859 2194 mutationes
883 2127 1014 2193 sulisse
1037 2139 1071 2196 et
1090 2127 1174 2194 ratio
1196 2128 1318 2194 evincit
1335 2134 1361 2188 et

275 2251 373 2318 supra
402 2229 562 2296 monitum
592 2241 643 2296 eet
670 2229 704 2313 §-
727 2232 766 2314 1,
789 2230 820 2297 3.
879 2228 956 2294 Jam
977 2229 1090 2320 paullo
1118 2229 1300 2296 accuratim
1325 2225 1360 2290 de

275 2329 319 2396 iis
342 2329 577 2398 mutationibus
598 2329 762 2419 agendum
783 2341 854 2414 est,
887 2353 971 2421 quae
1002 2331 1189 2397 universam
1210 2328 1358 2398 Doridem

273 2441 436 2521 tongum
460 2433 666 2522 singulorum
683 2433 771 2500 enim
788 2455 947 2525 generum
963 2431 1132 2500 historiam
1146 2433 1247 2517 iul'ra,
1268 2452 1357 2523 quau·

274 2535 463 2620 conticet,
487 2534 736 2602 delineabimus.

358 2635 443 2702 'l'res
471 2637 608 2704 Doridis
635 2649 756 2704 aetates
786 2635 991 2728 distinguere
1019 2637 1116 2720 licet,
1155 2637 1355 2730 antiquam

274 2736 435 2806 Doridem
448 2751 523 2806 ante
537 2739 688 2829 quintum
705 2739 775 2806 fere
793 2741 981 2826 saeculum,
1005 2740 1175 2807 mediam
1196 2763 1260 2830 per
1274 2735 1354 2827 quio·

274 2851 345 2906 tum
366 2851 400 2908 et
419 2849 569 2932 quartum
600 2841 785 2926 meculum,
818 2851 1031 2908 recentem
1059 2867 1079 2908 a
1107 2840 1218 2933 quarti
1246 2833 1354 2906 saeculi

277 2943 368 3012 exitu
389 2967 496 3032 usque
516 2943 558 3010 ad
577 2943 720 3010 Doricae
742 2943 878 3010 dialecti
895 2943 1076 3009 interitum.
1128 2942 1195 3007 Vix
1215 2963 1296 3033 opos
1314 2944 1355 3002 cst

274 3067 425 3123 mouere,
449 3069 516 3111 non
537 3045 648 3112 subite
668 3046 810 3136 quodam
830 3045 954 3134 impetu
977 3056 1011 3110 et
1029 3045 1124 3134 quasi
1146 3045 1232 3110 saltu
1255 3045 1289 3110 in
1306 3059 1352 3104 uc·

273 3171 348 3214 vam
368 3171 532 3238 quamque
550 3157 700 3215 ¹aetatem
727 3147 899 3215 transitum
926 3169 1004 3214 esse
1025 3167 1132 3235 neque
1153 3145 1269 3213 codem
1287 3153 1351 3208 tem·

273 3271 354 3340 pore
373 3250 415 3316 al)
443 3249 596 3316 omnibus
624 3250 756 3341 populis
776 3248 930 3328 Doridis,
962 3261 1000 3314 ut
1019 3247 1181 3336 Cyrenaei
1209 3257 1284 3338 post
1305 3263 1350 3308 an·

274 3375 353 3418 ιιιιιιι
385 3351 646 3420 ducentesimum
677 3377 709 3418 a.
740 3352 819 3418 Glrr.
862 3375 931 3418 eam
969 3351 1117 3440 linguam
1148 3349 1348 3419 servarunt

274 3476 371 3542 quam
399 3453 442 3518 ad
467 3454 609 3522 mediam
629 3453 788 3522 Doridem
816 3453 934 3521 referri
954 3462 1112 3543 oporteat.
1136 3481 1141 3490 ·
1171 3449 1244 3518 Nee
1264 3439 1350 3531 magis

275 3578 342 3625 nuc
363 3555 543 3646 codemque
560 3569 705 3649 tempore
719 3555 873 3623 Doricam
892 3555 1066 3624 dialectum
1079 3553 1265 3642 abrogatam
1279 3565 1348 3622 ester

276 3678 374 3748 supra
397 3657 569 3726 docuimus
589 3660 622 3744 §-
645 3661 684 3737 1,
708 3659 740 3725 3.

359 3760 412 3828 De
444 3759 619 3851 antiqua
644 3759 772 3827 Doride
800 3771 933 3850 propter
959 3757 1100 3825 fontium
1122 3757 1287 3849 penuriam
1304 3769 1347 3838 pt·

275 3887 348 3930 rum
377 3856 517 3940 emonam.
570 3860 681 3946 Quum
710 3861 799 3927 enim
818 3859 958 3926 Alcman
986 3883 1052 3926 uou
1077 3860 1121 3927 sit
1141 3883 1222 3950 pura
1243 3847 1349 3924 Doride

276 3987 377 4050 usus,
399 3963 495 4054 pauci
516 3963 626 4047 tituli,
656 3963 715 4052 qui
735 3963 789 4030 vel
811 3961 1051 4052 corruptissimi
1072 3973 1150 4028 suut
1168 3961 1223 4027 vel
1243 3951 1346 4026 brevia·

276 4066 375 4150 simi,
406 4066 469 4135 soli
491 4065 617 4156 aliquid
636 4065 784 4151 certioris
807 4063 1009 4155 cognitionis
1029 4062 1249 4153 suppeditant.
1295 4048 1346 4118 115⁵

278 4167 418 4236 ducibus
441 4169 595 4259 antiquae
616 4165 736 4234 Doridi
757 4167 898 4258 primum
919 4164 1124 4232 vindicamus
1140 4149 1278 4255 psiloain
1294 4153 1344 4220 Le·

184 4271 187 4278 '
277 4267 406 4338 sbiaoae
419 4270 562 4340 similem
576 4269 601 4336 i.
615 4293 645 4338 e.
659 4270 780 4361 asperi,
803 4271 862 4362 qui
874 4293 943 4338 nou
960 4291 980 4336 e
997 4265 1152 4335 consonis
1166 4255 1345 4358 ιιιὶιιιιῑῖ11πε
