2862 4808
209 337 286 454 did
450 341 482 434 5.
512 343 573 421 49.
626 349 684 424 Dc
712 350 898 429 severiore
923 355 1074 434 Doride.

561 622 566 630 ,
697 552 730 640 §-
757 555 812 626 so.

537 713 598 770 tte
616 721 805 772 serenore
823 721 980 776 morare.

294 865 328 946 l)
371 862 546 932 Severiore
568 862 706 932 Doridis
727 889 849 958 penore
869 865 1022 937 Lacones
1045 871 1099 940 osi
1121 887 1220 962 sunt,
1243 876 1300 945 lta·

209 965 309 1034 liotae
326 965 441 1071 Dorici
466 967 523 1048 (de
537 967 727 1035 Tarentinis
750 971 956 1060 potissimum
977 987 1107 1041 constat
1127 1001 1302 1069 eorumque

207 1069 336 1136 colonis
358 1069 672 1156 Heracleensibus)‚
707 1071 906 1158 Cretenses,
939 1073 1114 1166 Cyrenaei.
1168 1079 1220 1145 Eo
1241 1105 1301 1146 ma·

206 1171 294 1239 xime
318 1169 554 1264 distinguitur,
590 1173 680 1264 quod
708 1197 767 1262 pro
791 1175 1006 1266 diphthongis
1028 1203 1053 1244 ee
1078 1193 1111 1246 et
1132 1207 1191 1262 oo,
1224 1205 1303 1272 quas

207 1275 319 1340 mitior
340 1273 443 1340 Doris
464 1298 537 1340 oum
553 1274 630 1340 lade
652 1276 833 1342 etAttbidc
855 1301 1045 1346 communes
1067 1281 1187 1348 babere
1209 1285 1303 1368 solet,

206 1401 305 1468 saepe
326 1375 507 1444 secundum
530 1383 636 1443 certas
657 1377 813 1468 quasdam
838 1361 954 1470 leges,
988 1381 1029 1448 dc
1056 1382 1180 1472 quibus
1208 1410 1304 1478 expo·

206 1481 335 1548 suimus
355 1479 388 1562 5.
412 1477 456 1546 20
478 1489 511 1544 et
532 1477 595 1562 25,
628 1478 748 1570 longas
776 1481 907 1548 vocales
938 1495 1012 1561 net
1034 1510 1059 1548 or
1088 1488 1249 1575 profert,
1269 1497 1305 1552 nt

206 1589 289 1648 ἵππω
320 1604 380 1672 pro
402 1587 514 1660 ἵππου,
546 1573 622 1662 ἦμεν
652 1605 712 1671 pro
741 1581 822 1666 εἶμεν
849 1581 872 1648 i.
897 1607 927 1648 e.
959 1581 1048 1652 alsus.
1103 1587 1178 1672 Qua
1207 1589 1243 1654 in
1270 1612 1305 1654 re

206 1683 353 1752 severior
374 1681 476 1748 Doris
499 1683 667 1772 conspirat
688 1707 763 1750 cum
786 1685 937 1752 dialectis
957 1687 1125 1754 Arcadum
1152 1699 1205 1774 et,
1239 1689 1306 1757 nisi

206 1786 322 1877 opinio
353 1809 416 1852 uos
446 1784 590 1870 ieiellit,
623 1785 801 1870 Eleorum,
836 1785 957 1852 deinde
984 1787 1201 1873 Lesbiorum,
1238 1791 1305 1857 nisi

207 1913 310 1980 quum
332 1886 531 1977 liquidarum
555 1886 808 1978 geminationem
837 1888 904 1954 sibi
932 1890 1096 1979 propriam
1124 1891 1245 1958 babent
1269 1905 1306 1960 nt

208 1991 355 2074 ἔμμεναι,
380 2000 546 2080 postremo
567 1989 787 2068 Boeotorum,
810 2003 1034 2082 praeterquam
1059 1991 1149 2084 quod
1168 2021 1211 2074 η,
1233 1995 1305 2062 ubi·

204 2117 335 2183 ounque
357 2103 409 2158 est
429 2091 464 2158 io
488 2093 651 2160 severiore
672 2091 821 2176 Doride,
854 2091 890 2158 in
920 2117 948 2158 as
970 2105 1133 2160 mutantes
1156 2097 1304 2188 vulgaris

202 2195 341 2270 Doridis
361 2193 616 2261 similitudinem
648 2204 844 2284 receperunt
872 2205 909 2259 ut
935 2193 970 2260 iu
1002 2193 1094 2276 εἶμεν.
1125 2237 1170 2250 -
1210 2199 1304 2283 Alia,

202 2297 373 2390 quaejam
397 2295 682 2381 enumerabimus,
706 2293 917 2377 Laconibus,
946 2295 1109 2382 ltaliotis,
1137 2299 1304 2368 Cretensi·
1417 2301 1418 2310 ’

117 2461 120 2468 .
202 2401 266 2466 bus
288 2397 473 2466 communia
496 2397 601 2466 luisse
623 2398 769 2482 scimus,
792 2421 892 2490 quum
916 2395 957 2463 dc
974 2397 1154 2490 Cyreuacis
1171 2415 1305 2492 propter

203 2501 345 2568 fontium
369 2501 538 2590 penuriam
559 2523 627 2566 nou
659 2509 800 2568 constet.
856 2497 1007 2566 Primum
1036 2499 1200 2593 digamma
1227 2517 1304 2596 post

199 2603 339 2702 primam
355 2603 495 2670 Doridis
516 2613 652 2669 aetatem
674 2601 709 2667 io
727 2601 800 2668 solo
822 2601 988 2668 severiore
1010 2627 1152 2693 genere,
1174 2605 1303 2673 turbato

201 2713 309 2783 tamen
338 2727 422 2780 osu,
456 2705 626 2796 aliquanto
656 2703 782 2772 diutius
810 2702 935 2770 resedit
954 2717 988 2772 ct
1008 2707 1134 2772 recenti
1155 2718 1303 2798 tempore

201 2807 239 2872 in
261 2815 283 2890 β
302 2817 459 2872 mutatum
482 2819 533 2874 est
559 2818 625 2872 tam
648 2804 683 2872 in
704 2803 821 2896 primis
843 2827 942 2894 quam
961 2805 998 2872 in
1021 2807 1142 2873 mediis
1162 2810 1303 2876 vocabu·

200 2909 265 2992 lis,
296 2929 396 2998 quum
419 2909 558 2999 Argivi,
581 2905 789 2998 Pamphylii,
813 2903 1033 2996 Syracusani,
1064 2909 1122 3000 qui
1145 2923 1222 2976 sunt
1242 2913 1302 2978 mi·

200 3009 294 3078 tioris
316 3010 476 3088 Doridis,
513 3011 547 3076 in
574 3007 695 3076 mediis
723 3019 849 3075 tautum
877 3010 1015 3076 vocibus
1045 3011 1146 3101 idque
1174 3037 1249 3080 raro
1279 3021 1303 3098 β

199 3137 260 3204 pro
282 3113 417 3202 antiquo
439 3113 602 3203 digamma
623 3109 791 3202 accepisse
811 3110 985 3178 videantur
1004 3111 1072 3178 vid.
1098 3111 1131 3196 ἕ.
1148 3112 1180 3198 5,
1201 3115 1235 3182 9.
1258 3151 1300 3168 -

199 3215 289 3281 Tum
311 3228 461 3282 notamus
490 3212 739 3282 assimilationis
767 3235 910 3280 amorem
941 3213 1126 3304 quendam,
1158 3227 1196 3282 ut
1216 3215 1299 3283 Lac.

200 3317 300 3400 oiundp
320 3339 380 3406 pro
402 3315 521 3396 ἀσκός,
554 3315 633 3381 Tar.
659 3314 849 3401 ”dopmno
877 3339 937 3406 pro
959 3315 1173 3402 Ἀφραστος,
1205 3317 1298 3385 Cret.

194 3420 323 3494 Λὺττος
344 3443 403 3510 pro
425 3417 553 3494 Λύκτος
586 3417 655 3484 vid.
678 3417 712 3501 ξ.
737 3418 798 3502 13,
820 3418 854 3484 4.
886 3455 929 3468 -
970 3415 1047 3484 Non
1074 3417 1186 3484 miuus
1208 3441 1300 3487 seve·

195 3522 280 3588 riori
295 3519 415 3588 Doridi
437 3518 617 3611 peculiaris
639 3532 690 3586 est
711 3519 874 3586 vocalium
897 3543 929 3584 eo
952 3518 988 3583 in
1010 3543 1041 3584 so
1063 3531 1120 3585 aut
1143 3531 1299 3588 scranto

193 3635 255 3690 aut
277 3651 301 3686 ω
325 3633 358 3688 et
378 3623 542 3690 vocalium
564 3645 605 3686 su
634 3619 670 3686 in
698 3645 737 3686 ιω
765 3619 921 3696 mutatio,
956 3644 1142 3713 quanquam
1172 3622 1208 3688 in
1235 3625 1301 3694 boe

195 3725 273 3815 ipso
293 3727 367 3792 loco
389 3723 591 3792 differentiae
611 3721 771 3814 quaedam
794 3733 983 3814 spectantur
1001 3723 1070 3790 vid.
1091 3721 1196 3808 Μ,
1214 3725 1297 3792 1.2.

192 3865 240 3880 -
261 3827 431 3892 Postremo
453 3825 601 3892 omittere
622 3823 776 3891 uolumus
798 3825 938 3892 rariores
960 3825 1081 3891 formas
1101 3825 1168 3901 nie'o
1189 3835 1223 3892 et
1243 3825 1299 3904 oir'e

192 3951 257 4020 pro
280 3927 329 3993 oiri
348 3927 416 3994 vid.
439 3925 470 4014 ξ.
487 3929 543 4012 db,
562 3929 601 4006 l,
624 3937 657 3993 et
675 3939 885 4014 augmentum
906 3955 927 4006 η
949 3926 1201 4017 pronominibus
1220 3951 1298 4019 pm·-

191 4029 367 4098 sonalibue
388 4029 533 4097 additum
555 4039 592 4095 ut
613 4028 710 4112 s’yoim
733 4039 767 4093 et
790 4029 898 4112 ipim,
921 4017 1011 4120 qnod
1026 4053 1129 4120 quum
1144 4029 1296 4098 Lacones

192 4144 229 4205 et
249 4131 423 4198 Tarentini
443 4155 619 4220 usurpasse
639 4129 827 4214 tradantur,
849 4129 1023 4198 universae
1044 4131 1202 4198 severiori
1221 4131 1295 4200 Du-

195 4233 261 4301 ridi
280 4231 448 4301 vindicare
468 4231 626 4300 audemus
646 4231 715 4300 vid.
738 4231 771 4315 δ.
795 4231 861 4316 32,
884 4233 915 4300 5.
