2878 4814
334 431 367 524 ὅ.
387 429 448 556 dli.
495 432 554 506 Dc
572 428 688 506 variis
708 426 911 526 particulis.
1095 425 1173 504 383

154 636 250 703 luter
270 633 450 724 composita
480 631 561 698 ὅκκα
587 631 672 698 male
702 655 720 698 a
748 631 1013 720 grammaticiql)
1041 657 1082 700 ex
1112 631 1173 700 ὅκα

63 737 237 827 geminata
258 759 403 804 eounona
425 745 532 802 ortum
552 733 745 824 putabatur,
769 755 830 802 nee
842 735 961 802 melius
971 734 1172 804 recentiores

66 840 206 930 quidam
229 839 314 908 illud
336 847 423 904 certe
446 837 544 914 ὅκκα,
568 836 658 926 quod
682 835 829 902 nltimam
850 838 1006 928 corripit,
1030 861 1091 927 pro
1113 837 1173 902 ὅκα

66 966 143 1010 esse
167 941 417 1022 existimer-unte
438 963 514 1006 nam
536 965 554 1004 κ
576 939 612 1006 in
634 963 672 1006 ea
692 962 773 1006 voce
794 962 860 1006 non
883 939 989 1028 magis
1011 939 1173 1030 geminari

67 1055 184 1132 polest
203 1067 303 1132 quam
325 1043 360 1108 in
382 1041 485 1120 πόκα,
514 1039 611 1126 τόκα,
645 1041 760 1108 illone
789 1051 822 1106 et
849 1040 930 1106 ὅκκα
950 1065 1010 1130 pro
1033 1043 1095 1107 ὅκα
1117 1069 1171 1119 κα,

68 1147 146 1212 ὅταν
181 1169 254 1212 esse
281 1145 355 1236 ipsa
383 1143 584 1212 constructio
614 1155 712 1233 atque
741 1141 903 1210 sententia
930 1143 1056 1234 ubique
1078 1145 1173 1212 docet

69 1249 140 1316 rid.
166 1249 292 1318 Buttm.
321 1245 357 1312 11
383 1269 416 1335 p.
441 1245 515 1314 370.
561 1246 665 1329 Μία
687 1245 746 1312 ὅκα
768 1255 801 1311 et
822 1245 903 1311 ὅκκα
925 1245 1173 1336 distinguuntur

68 1351 105 1416 in
128 1348 259 1441 glossis
279 1347 520 1437 Hesychianise
555 1347 609 1413 ὅκ’
636 1343 677 1438 ᾖ,
712 1341 807 1436 deep}
835 1359 869 1415 et
897 1347 978 1414 ὅκκα
1001 1349 1090 1424 ociter
1111 1350 1172 1432 tl),

69 1453 146 1518 ὅταν
168 1452 259 1540 τύχῃ.
303 1449 378 1516 dam
401 1473 497 1533 vero,
519 1449 614 1516 utin
636 1449 718 1516 ὅκκα
739 1449 917 1540 particulae
939 1451 975 1517 in
996 1473 1094 1519 unam
1116 1473 1173 1519 vo·

71 1577 144 1620 cem
167 1553 382 1637 coaluerunt,
416 1553 461 1620 ita
481 1553 604 1619 rectius
627 1553 702 1618 αἴκα
724 1575 821 1641 quau
844 1553 939 1618 αἴκα
961 1553 1063 1620 scribi
1083 1553 1173 1620 vide·

70 1667 143 1740 tur,
168 1655 328 1722 euadente
349 1667 515 1744 praeterea
536 1653 752 1722 collocatione
772 1653 1005 1743 particularum
1027 1655 1170 1724 Theocr.

70 1757 153 1840 l,5
187 1757 261 1820 αἴκα
289 1755 320 1820 d'
343 1755 416 1841 αἶγα
443 1756 523 1846 λάβῃ
555 1757 615 1838 (cf.
646 1757 726 1822 ὅκκα
757 1755 790 1819 d'
816 1755 928 1844 ἐπὸχω
957 1757 1078 1848 ΕρίαΙι.
1103 1759 1171 1838 10).

71 1859 192 1949 ltaque
221 1857 398 1948 ancipitem
426 1858 606 1925 editionum
631 1882 728 1924 nsum
755 1857 796 1924 ad
825 1883 896 1926 eam
926 1883 1072 1925 normam
1094 1883 1173 1928 eon·
1243 1911 1250 1923 .

72 1961 254 2028 stiterimus.
300 1960 501 2051 Plerumque
522 1971 630 2028 tamen
652 1961 843 2048 conjunctio
866 1963 902 2026 δι’
919 1971 994 2027 ante
1016 1987 1058 2026 κα
1078 1965 1172 2053 poni·

71 2073 142 2141 tur,
176 2074 215 2127 nt
235 2065 271 2128 αἱ
290 2063 326 2128 de'
343 2089 384 2128 κα
406 2061 539 2130 flerael.
563 2063 601 2148 l,
623 2063 677 2130 68.
700 2063 755 2129 74.
779 2062 862 2147 130,
890 2063 1032 2129 Theocr.
1057 2063 1092 2142 l,
1116 2064 1170 2132 1⁰.

70 2151 114 2232 13
136 2165 205 2244 (ὅτε
227 2166 263 2230 de‘
281 2189 323 2230 κα
344 2164 454 2230 Rhod.
480 2165 578 2247 2525,
600 2165 660 2248 h),
683 2189 745 2231 nec
765 2166 876 2232 minns
896 2164 1103 2232 indefinitum
1124 2193 1173 2243 τις

73 2277 147 2334 ante
169 2291 213 2332 κα
234 2265 339 2357 accipi
362 2267 467 2352 solet,
490 2269 600 2332 αἵτινκ
621 2273 721 2350 (αμα,
743 2269 837 2349 τινες)
859 2293 901 2332 κα
921 2267 1055 2334 Herael.
1071 2267 1101 2354 1,
1116 2269 1170 2336 57.

73 2369 127 2437 00.
153 2369 236 2454 123,
272 2367 362 2436 Cret.
386 2367 490 2450 3058,
527 2372 563 2434 αι’
589 2370 626 2436 de'
648 2396 696 2446 τις
725 2370 799 2453 (tm
819 2368 900 2454 ete.)
921 2395 963 2436 sto
983 2370 1117 2438 Heracl-
1140 2369 1171 2456 1,

72 2471 126 2538 71.
149 2469 206 2540 80.
232 2471 313 2554 103,
337 2470 426 2537 Cret.
451 2470 547 2540 3⁰48.
572 2471 668 2540 3010.

156 2571 196 2661 la)
238 2579 279 2640 N
283 2573 324 2638 αἱ
350 2583 543 2662 potestatem
574 2573 795 2640 affirmativam
828 2597 895 2641 nou
924 2572 1031 2642 solum
1058 2574 1173 2642 Attico

73 2697 164 2742 more
186 2697 261 2742 cum
282 2701 326 2756 μα
347 2685 380 2742 et
399 2676 585 2742 accusativo
611 2675 760 2762 junctam
782 2677 897 2759 habet,
930 2687 967 2742 ut
987 2677 1108 2768 Epion.
1131 2678 1173 2744 ld

74 2780 125 2841 sul
145 2773 192 2862 poi
211 2775 269 2842 τᾶν
290 2775 452 2862 κράμβαν,
486 2775 530 2844 00
549 2781 603 2842 καὶ
622 2775 667 2860 poi
688 2779 755 2843 Δία
781 2787 867 2863 etc,
900 2779 1077 2846 sedetiam
1099 2779 1174 2847 sine

75 2905 117 2960 μα
138 2901 201 2969 pro
221 2877 335 2946 Attico
363 2878 423 2962 κη’,
458 2890 496 2944 ut
515 2880 662 2946 Achaeo.
685 2879 749 2947 708
776 2885 829 2946 aei
855 2879 908 2946 τὸκ
933 2882 1075 2966 Ἑρμᾶν,
1109 2879 1174 2950 740

75 2979 201 3046 solede
223 2981 380 3059 Διοκλέα,
402 2981 466 3050 764
486 2986 537 3046 καὶ
557 2980 611 3047 τόν
635 2985 783 3062 Ποτειὸὅ,
807 2981 950 3071 Lyoislr.
974 2984 1028 3052 81.
1052 2983 1106 3051 80.
1129 2983 1175 3052 00

77 3093 139 3148 ete.
162 3085 216 3148 sul
234 3081 277 3148 ed
302 3083 381 3163 osui,
402 3084 477 3152 206.
494 3083 558 3152 908
579 3086 632 3148 καὶ
646 3081 701 3149 vde
712 3083 885 3169 Κάστορα,
907 3107 970 3150 nec
990 3109 1064 3152 raro
1085 3083 1174 3176 apud

76 3182 314 3267 Theocritum,
351 3186 408 3276 qui
437 3183 614 3276 aliquoties
633 3186 806 3253 articulum
827 3186 939 3252 omisit
958 3187 1012 3272 ll,
1036 3187 1099 3254 106
1119 3191 1174 3254 sol
1285 3251 1286 3254 ,

76 3289 226 3374 Μοίρας,
259 3285 390 3372 XXIV,
414 3289 456 3356 74
475 3291 528 3354 καὶ
552 3285 625 3371 ὅμὸκ
645 3288 738 3372 ytoud
760 3291 882 3373 φέγγος.
936 3287 1051 3357 Minus
1083 3301 1172 3358 reete

77 3391 127 3452 sul
150 3387 209 3454 σιώ
233 3387 305 3455 sine
327 3389 464 3456 articulo
488 3391 646 3480 scriptum
669 3401 738 3456 erat
758 3389 899 3480 Lysistr.
914 3391 976 3476 81,
1001 3391 1060 3458 nbi
1083 3413 1173 3458 nnne

78 3487 274 3557 Dindorlins
294 3501 383 3557 recte
402 3491 552 3580 probavit
571 3489 716 3582 Reisigii
744 3493 1004 3562 emendationem
1031 3493 1115 3578 μάλα
1140 3491 1171 3578 γ’

78 3593 135 3656 uiui
156 3595 208 3656 sol
227 3590 270 3656 toi
294 3591 365 3658 aaut.

165 3691 199 3774 5)
241 3693 294 3760 De
322 3689 392 3769 ὅν,
426 3717 509 3786 qnae
536 3695 641 3762 forma
662 3698 834 3764 univerane
853 3695 1033 3788 antiquiori
1052 3695 1173 3764 Doridi

81 3813 155 3861 eum
182 3795 333 3863 dialectis
363 3797 474 3863 loniea
503 3809 536 3864 et
556 3797 717 3864 Lesbiaea
745 3798 928 3866 eommunis
949 3809 998 3864 eet
1018 3821 1079 3890 pru
1102 3791 1170 3879 οὖν,

81 3915 178 3985 supra
200 3897 345 3964 diximus
367 3901 400 3982 β.
423 3899 486 3982 30,
510 3900 561 3966 11.
616 3897 683 3966 llic
705 3899 855 3968 addimus
877 3899 1078 3990 singularem
1099 3925 1172 3992 par·

79 3995 199 4064 ticulae
214 3998 460 4068 collocationem
475 4002 562 4068 inter
572 4001 847 4092 praepositionem
865 4013 899 4068 et
914 4003 1064 4086 verbum,
1087 4025 1172 4094 qnae

110 4231 140 4294 1)
175 4229 313 4298 Greg.C·
368 4233 384 4286 2
429 4221 550 4287 τὸὅκκα
576 4230 624 4303 piet
657 4237 706 4287 τοῦ
729 4230 767 4288 du
809 4253 843 4286 αα
864 4231 947 4288 aussi
1000 4252 1011 4286 ι
1156 4253 1170 4288 υ

111 4233 488 4530 mmmm
571 4339 681 4414 t'l
741 4321 831 4421 hu
