2844 4806
407 329 467 406 Αι
489 329 652 407 Librum
680 331 861 409 remum.
930 297 934 310 '
1105 333 1182 416 ιιι

498 532 767 604 ALGAEUS.

174 635 238 702 Fr.
261 637 282 706 3
309 636 376 728 leg.
399 635 614 720 ποιεμάδιιοι
634 638 702 706 vid.
729 639 771 704 L.
795 639 841 705 11.
865 641 898 723 ξ.
915 641 975 726 19,
998 639 1029 707 5.
1075 641 1176 710 Ceus.

83 735 235 805 Darmst.
257 738 387 806 restitui
405 737 504 825 juhet
522 738 682 827 Κορώιηα
704 750 741 806 ut
761 743 987 828 Κυπρογέιηα,
1009 745 1176 828 Knosos«,

83 861 275 930 quanquam
302 840 358 909 vix
384 839 555 932 prohahile
584 852 635 910 est
661 841 923 910 terminationem
945 866 994 908 ιια
1014 842 1179 934 uhiqnea

83 939 224 1009 Lesbiis
252 940 288 1008 in
311 967 354 1020 ηιι
374 952 527 1009 mutatam
549 966 635 1011 esse.
700 943 756 1010 Au
787 947 910 1028 γλυκεῖα
937 942 1061 1036 Sapph.
1084 947 1126 1013 18
1146 958 1180 1014 et

85 1041 212 1110 similia
231 1042 350 1110 mutari
369 1045 485 1112 rolet't
527 1044 689 1112 et.L.11.
712 1045 863 1129 §.m
908 1045 995 1112 Huic
1016 1047 1178 1135 fragmen-

82 1155 122 1211 to
140 1143 211 1231 jam
231 1144 421 1213 adhaesisse
443 1146 649 1238 suspicamur
668 1148 711 1214 fr.
736 1145 800 1230 55,
833 1146 922 1238 quod
942 1149 979 1215 in
999 1149 1088 1217 hune
1109 1172 1177 1218 mo·

82 1246 165 1314 dum
186 1247 352 1339 corrigere
372 1246 553 1314 audemnse

234 1348 257 1427 ἥ
278 1373 335 1414 ποι
358 1346 428 1433 σύγ’
452 1347 575 1434 ἀνδρῶν
595 1347 762 1432 δυσμενέων
785 1350 943 1439 rupim„

237 1447 366 1534 πόλισμ’
388 1450 588 1517 teneriores
612 1453 723 1535 [φίλων
742 1453 830 1536 τέων]

84 1575 135 1620 so.
158 1555 203 1630 ιίι
225 1551 325 1638 peyna*
344 1551 466 1637 πρέπεις
485 1553 540 1620 vel
562 1553 670 1618 simile
690 1554 783 1642 quid.

170 1654 232 1720 Fr.
254 1655 287 1721 6.
322 1653 558 1734 Peeeavimus,
581 1675 683 1742 quum
703 1653 739 1719 in
759 1652 1176 1729 manutentionem

82 1767 223 1824 menum
238 1752 368 1820 restitui
389 1776 487 1842 posse
503 1753 701 1844 putavimus.
747 1753 827 1820 Siue
840 1758 1077 1826 mutationibus
1092 1763 1176 1830 alios

80 1883 200 1928 versus
223 1879 289 1922 non
312 1853 426 1920 elicies
448 1865 673 1946 praeterquam
693 1857 928 1946 hymenairos,
950 1859 1070 1971 quihus
1092 1860 1176 1954 Sap-

80 1964 226 2053 phonem
247 1979 341 2026 usam
361 1953 484 2023 seimus
504 1955 571 2024 vid.
594 1957 689 2026 Neue
709 1959 828 2050 p.17r

632 2061 710 2126 oinos
731 2061 816 2126 otor

478 2161 590 2250 μηδὲν
610 2161 790 2248 Ολυμπὶωι

482 2269 574 2333 λῦσαι
596 2264 669 2349 ὅπερ
690 2265 803 2331 Ρὲθιι.

96 2387 101 2396 ·
168 2367 231 2436 Fr.
255 2367 307 2436 1⁰.
353 2367 489 2434 Initium
510 2391 600 2435 nuno
626 2367 792 2457 legimnsa
837 2365 1003 2452 iover'rqpr
1023 2369 1084 2433 reis
1105 2365 1175 2436 ἄιε*-

80 2469 288 2558 porotheso.
339 2460 471 2537 Deinde
494 2469 767 2538 Schneidewinus
790 2467 951 2538 dubitavit
974 2493 1016 2536 au
1038 2470 1110 2537 sine
1130 2469 1175 2538 li-

82 2575 219 2642 hrornm
241 2595 303 2664 ope
323 2595 391 2638 non
412 2583 501 2639 reete
523 2574 560 2640 ὃν
580 2571 616 2639 ιδ
637 2573 753 2655 μέσσον
780 2597 840 2663 pro
869 2573 907 2638 ἂι
926 2599 953 2638 ι.
976 2600 1010 2657 μ.
1035 2573 1174 2664 seripse-

78 2677 208 2761 rimus3
251 2685 391 2741 mutatre
412 2678 499 2740 enim
520 2673 644 2742 vocalis
673 2674 764 2742 uuila
792 2673 856 2740 alia
885 2673 1033 2764 exempla
1062 2686 1172 2742 extare

79 2779 150 2846 nisi
177 2776 471 2867 incompositione
498 2787 530 2842 et
551 2777 590 2842 ἄν
610 2776 735 2868 triplici
763 2775 953 2842 auctoritate
975 2775 1170 2842 continuari.

79 2881 151 2949 Nos
179 2877 217 2944 io
245 2878 348 2946 secuti
377 2901 489 2946 snmus
501 2925 512 2964 ,
552 2879 641 2972 quod
659 2901 781 2945 omues
811 2877 1091 2970 praepositiones,
1130 2901 1172 2946 ex

79 2981 304 3072 antiquiorum
325 2992 412 3048 eerte
431 2979 630 3048 Graecorum
651 2981 902 3070 orthographia,
931 2993 1021 3046 extra
1042 3004 1171 3073 rompo·

80 3082 233 3152 sitionem
254 3083 378 3176 uhique
399 3081 535 3150 eundem
555 3083 692 3150 formam
713 3093 847 3149 tuentur
867 3105 965 3173 quam
986 3081 1022 3148 in
1041 3105 1171 3174 compo

81 3185 214 3283 sitioue.
275 3183 381 3268 Quam
407 3208 484 3252 vero
507 3209 603 3278 saepe
626 3183 754 3252 lihrarii
774 3185 809 3250 in
832 3184 1003 3252 Aeolicam
1024 3185 1170 3278 proprie·
1275 3198 1278 3206 '

79 3299 176 3356 tatem
208 3285 405 3370 saevierint,
442 3286 732 3379 intelligamus,
766 3285 855 3376 quod
878 3285 1000 3378 Sapph.
1024 3290 1063 3372 1,
1087 3289 1107 3353 3
1128 3312 1170 3353 ex

80 3389 231 3460 omnihus
251 3387 408 3476 Dionysii
429 3389 551 3474 lihris,
574 3413 661 3456 unus
683 3387 933 3480 antiquissimus
955 3389 1168 3472 Pariaieneie,

81 3515 178 3584 queue
199 3514 287 3557 nune
309 3487 582 3558 Schneidewinne
603 3489 767 3573 eontulit,
806 3489 921 3556 istosne
941 3489 1096 3581 praehet,
1128 3513 1169 3557 ex

82 3593 232 3662 omnihus
255 3591 511 3684 Hephaestionis
539 3617 603 3660 una
622 3591 833 3660 Turnohiana
864 3595 983 3658 οιιάισι
1010 3613 1070 3681 pro
1097 3589 1168 3659 vut-

84 3696 153 3788 pari
176 3694 304 3764 ἀνίαισι.
327 3733 369 3748 -
431 3695 493 3762 Vs.
518 3697 540 3763 7
563 3695 629 3784 leg.
652 3694 786 3771 ζιὶδαλοι
807 3718 825 3761 e
847 3691 1093 3760 Schneidewiui
1114 3717 1167 3760 su·

81 3797 228 3888 spinione
248 3797 318 3866 vid.
342 3797 385 3864 L.
408 3797 451 3866 ll.
475 3799 507 3882 ᾖ.
527 3798 588 3882 19,
609 3797 631 3864 6
651 3821 680 3864 s.
699 3821 731 3866 v.
756 3797 912 3879 δαλεόμιι.
935 3829 978 3842 -
1021 3793 1109 3861 Casu
1131 3794 1167 3862 in

81 3903 146 3968 hue
165 3901 287 3969 excidit
307 3901 437 3968 initium
461 3899 630 3991 sequentis
651 3901 822 3991 strophaee
857 3895 997 3964 Χόλαισι
1018 3895 1050 3960 δ’
1073 3895 1166 3982 ἄγιν-

81 4029 146 4090 ραι.

164 4103 225 4170 Fr.
244 4105 295 4170 hl.
325 4105 509 4172 Prohanane
531 4126 621 4171 nuno
643 4100 785 4170 Seidleri
806 4099 1065 4170 emendationem
1086 4101 1167 4186 ἐμβᾷ

82 4205 161 4287 (1ιίιὶ
193 4205 282 4295 quod
312 4206 473 4276 Leehireo
502 4230 591 4277 more
620 4207 700 4290 ι’μβᾶ
728 4199 920 4290 scribimus)
952 4203 1018 4272 vid.
1051 4203 1093 4270 L.
1118 4203 1162 4270 11.
1252 4203 1254 4210 ’
