2862 4808
49 417 76 509 l.
87 417 146 496 50.
168 413 386 492 Delloridie
401 435 579 515 generum
596 425 633 486 et
651 407 859 508 apeoierum
877 406 1029 508 origine.
1057 407 1129 485 dll

50 631 119 686 runt
135 619 203 686 rid.
219 617 354 686 hliiller.
373 616 457 682 Dor.
482 614 499 680 l
522 639 558 705 p.
572 613 635 681 174
655 623 689 680 et
710 610 799 703 quod
819 633 879 701 per
899 610 1034 702 aliquod
1053 623 1135 678 tcnr

49 745 108 812 poa
128 721 235 804 servi,
267 719 477 788 Achaeorum
504 715 649 806 posteri,
679 737 810 782 omnem
828 715 1063 804 rempublicam
1085 725 1136 780 te-

50 823 165 890 nebant
183 822 250 888 vid.
274 821 358 888 ibid.
382 821 415 886 ll
444 843 478 910 p.
503 817 564 905 553
597 817 681 884 adde
701 817 790 907 quod
810 815 932 906 Argivi
953 817 1135 884 communis

50 925 358 1016 Peloponnesiorum
379 921 524 989 foederis
543 931 693 1012 expertes
713 943 732 986 a
753 917 957 1010 reliquorum
978 941 1135 986 commer-

50 1026 98 1094 cio
118 1027 335 1116 sejunctiorce
356 1035 460 1091 eraut.

127 1223 332 1292 Difficillime
363 1223 514 1316 quaestio
552 1232 603 1289 est
639 1221 680 1290 de
716 1219 899 1311 antiquiore
930 1219 1136 1314 Delphorum

52 1326 202 1412 dialecto,
227 1349 406 1417 quaecum
427 1325 555 1417 reliqua
571 1324 698 1392 Doride
721 1324 969 1414 septentrionali
990 1324 1032 1392 ab
1052 1324 1136 1415 ipsis

52 1428 186 1520 Delphis
214 1429 396 1496 recentiore
425 1442 571 1518 tempore
597 1429 746 1520 adoptata
774 1427 902 1494 duabus
928 1427 1137 1518 potissimum

52 1531 144 1598 rebus
174 1533 305 1615 differt,
337 1531 478 1622 primum
512 1531 711 1620 syllabarum
742 1529 890 1596 finalium
917 1532 1137 1621 correptione,

54 1631 166 1700 deinde
202 1634 317 1702 tertiae
351 1633 489 1724 pluralia
522 1632 786 1724 imperativorunr
821 1633 1052 1700 terminatione
1082 1659 1136 1700 or.

54 1735 175 1819 Quodsi
188 1749 363 1828 utrumque
377 1735 593 1804 Cretensibus
615 1755 786 1800 commuue
807 1733 914 1800 luisse
935 1735 1138 1818 memineris,

53 1837 142 1906 lacile
163 1863 205 1904 eo
228 1839 412 1916 delaberis,
445 1849 481 1902 ιιι
500 1861 574 1904 cnm
594 1835 737 1903 Miillero
758 1835 882 1902 Dor.1
909 1857 943 1925 p.
964 1835 1049 1920 21⁰,
1080 1836 1138 1926 qni

55 1941 117 2006 sola
154 1941 268 2030 hymni
305 1941 341 2006 in
379 1939 572 2028 Apollinem
605 1937 762 2026 Pythium
793 1939 978 2004 narratione
1008 1939 1137 2023 nititur,

56 2039 211 2110 Creticam
232 2041 395 2109 coloniam
416 2039 566 2130 Delphos
586 2039 778 2129 pervenisse
801 2040 927 2106 credas.
980 2039 1028 2107 Αι
1056 2041 1139 2106 auti·

55 2145 218 2231 quiasimis
239 2145 276 2211 id
298 2143 500 2234 temporibus
522 2142 625 2208 multo
646 2154 721 2207 ante
742 2141 968 2230 migrationem
982 2141 1139 2208 Doricam

56 2245 169 2312 lactum
199 2246 387 2312 existimare
416 2256 599 2334 oporteret3
635 2253 772 2334 ubsque
799 2267 877 2309 vero
907 2243 1037 2310 dialecti
1065 2267 1139 2334 pro·

55 2347 169 2436 prietae
190 2349 264 2436 ejus
287 2349 418 2438 generis
441 2358 510 2430 est,
538 2359 575 2412 nt
594 2369 661 2412 nou
684 2369 702 2412 e
725 2369 850 2412 summu
871 2346 1063 2438 antiquitate
1086 2371 1140 2414 en·

55 2463 174 2538 perstre
195 2450 302 2518 videri
324 2449 437 2540 possit.
483 2449 655 2515 Praeterea
677 2461 813 2538 utraque
835 2473 901 2514 uon
922 2451 1032 2516 minus
1052 2449 1140 2516 The·

56 2553 134 2618 raeie
160 2555 344 2620 commonia
370 2565 438 2638 est,
471 2550 594 2642 quibus
623 2550 795 2618 arctiorem
823 2573 896 2616 cum
925 2549 1140 2618 Cretensibus

57 2663 85 2718 ct
103 2653 244 2746 Delphis
272 2654 499 2742 cognationem
529 2653 620 2720 nullo
648 2652 746 2719 titulo
778 2651 945 2722 vindicare
973 2655 1069 2738 licet,
1104 2665 1142 2719 ut

57 2756 236 2823 omittamus
264 2779 322 2823 eos
348 2755 508 2846 populos,
542 2755 601 2844 qui
629 2754 784 2826 alterutra
811 2753 864 2820 nsi
893 2764 981 2821 sunt.
1024 2753 1141 2846 ltaque

57 2855 144 2924 illurn
164 2859 300 2946 liuguae
321 2867 515 2924 concentum
537 2879 615 2922 casu
638 2867 749 2922 natum
778 2856 945 2941 arbitrati,
977 2856 1141 2946 quomodo

57 2957 170 3028 lactum
199 2959 264 3044 sit,
298 2971 335 3026 nt
362 2959 564 3049 antiquiores
584 2957 708 3048 Delphi
735 2957 829 3026 illum
855 2959 892 3026 in
912 2957 1045 3026 modum
1065 2980 1140 3025 cum

56 3059 165 3136 vicinis
187 3061 432 3152 discreparent,
460 3060 612 3150 ignorare
633 3085 695 3130 nos
716 3061 866 3128 latemur.

132 3257 272 3326 Unicam
300 3258 371 3325 lere
398 3281 489 3341 rem,
534 3281 599 3347 qua
627 3257 785 3324 insularis
812 3256 914 3324 Duris
939 3259 1092 3327 universa
1121 3285 1141 3327 a

57 3357 176 3452 reliqua
206 3359 338 3426 mitiore
365 3359 491 3426 Doride
524 3359 759 3448 distinguitur,
791 3361 952 3428 vocalium
982 3385 1014 3428 ao
1044 3362 1079 3428 iu
1109 3387 1143 3428 ro

58 3461 357 3552 conjungendarum
378 3485 519 3528 amorem
547 3485 566 3526 a
593 3461 712 3528 ricinis
734 3463 871 3530 lonibus
900 3475 1067 3554 acceptum
1095 3465 1140 3532 vi·

59 3559 121 3629 deri
153 3563 413 3654 significavimus
446 3563 565 3654 idque,
602 3564 631 3630 si
663 3585 762 3654 supra
791 3577 879 3632 recte
901 3566 1141 3652 judicavimus,

58 3665 137 3750 apul
167 3665 320 3732 Rhodios
349 3665 479 3756 quidem
507 3689 572 3730 non
600 3675 674 3730 ante
695 3665 845 3756 quintum
866 3667 1044 3734 saecolum.
1088 3669 1143 3734 ln·

59 3765 159 3856 signia
187 3767 323 3860 linguae
352 3767 439 3833 inter
469 3767 618 3857 singulas
650 3767 775 3834 insulae
796 3769 933 3835 varietas
953 3769 989 3835 iu
1010 3794 1049 3836 eo
1070 3769 1144 3860 ipao

60 3869 304 3957 explicationem
326 3869 443 3954 hahet,
476 3869 565 3960 quod
586 3869 717 3936 insulae
738 3871 928 3959 quotidiano
949 3873 1145 3940 commercio

60 3971 236 4053 prohibitae
259 3971 389 4038 facilius
410 3972 498 4038 leves
520 3971 681 4038 sermonis
703 3972 904 4041 differentius
926 3975 980 4042 vel
1001 3973 1145 4066 gignunt

62 4071 109 4137 vel
134 4074 256 4140 lovent.
309 4073 497 4142 Rhodiacae
526 4074 657 4141 dialecti
683 4075 884 4166 proprietas,
918 4077 1081 4144 vocalium
1110 4101 1143 4145 eo

61 4177 275 4245 connectione
309 4187 466 4268 excepta,
510 4199 528 4242 a
567 4175 694 4246 colonis
731 4176 930 4246 Gelensibus
965 4191 998 4248 et
1027 4181 1144 4250 borum
