2844 4806
432 347 489 422 Ad
513 347 675 426 Librum
700 351 922 428 Secundum.
1152 351 1228 432 577

129 523 204 590 dem
226 525 395 618 apposito:
434 527 478 601 ὥς
501 529 517 594 ὁ
539 531 594 612 μὲν
616 527 749 616 ἀτρέμας
769 529 837 596 εὗδε
865 533 967 618 πάτηρ
991 533 1049 600 aiud
1074 535 1226 626 Γαργάρῳ
1296 577 1313 591 -·

129 621 227 710 ἄκρῳ.
272 627 356 696 Nam
379 627 523 729 epitheta
546 629 644 716 ἄκρος
665 644 697 698 ct
715 631 883 718 ἀγάννιφος
905 635 941 705 id
957 637 1113 722 efficiunt,
1137 639 1225 728 quod

54 734 63 746 '
124 727 317 797 Macrobius
341 731 521 798 contendit.

214 833 311 922 Peg.
336 832 399 900 158
428 834 477 898 fr.
502 833 576 899 131.
629 835 756 902 Versus
789 835 954 918 ἀνωνύμοις
984 839 1105 926 legitur
1132 839 1223 905 Ann.

126 933 215 998 ΟΠ.
238 933 300 1012 lV,
323 935 407 1018 253,
430 937 491 1020 29,
515 936 572 1001 nbi
594 935 648 1002 τὸν
671 937 771 1020 σοφὸν
794 938 904 1020 ἄνδρα.

212 1035 295 1124 Peg.
316 1037 377 1102 171
403 1050 485 1104 not.
504 1039 557 1106 57.
576 1038 974 1130 leg.Commeradetnr
991 1041 1223 1130 proEmcnd.

211 1137 307 1228 Peg.
332 1138 397 1206 476
424 1141 473 1206 lr.
499 1141 572 1208 1⁰5.
618 1142 692 1208 lloc
722 1143 940 1231 fragmentum
972 1141 1083 1208 addidi
1106 1143 1227 1232 Grysa·

127 1263 199 1304 rnna
223 1251 403 1330 sequutus,
428 1243 524 1330 cujus
548 1241 734 1312 dissertatio
757 1243 797 1310 de
821 1243 1014 1333 Sophrone,
1046 1269 1145 1333 quum
1168 1245 1224 1310 diu

125 1341 246 1407 lrnstra
267 1343 413 1431 quaesita
436 1345 567 1413 tandem
590 1345 926 1417 Schneidewinisrnei
948 1369 1025 1414 cura
1052 1348 1087 1412 in
1109 1371 1225 1412 monus

125 1469 214 1510 meas
236 1446 460 1534 pervenisset,
484 1447 569 1516 nilril
591 1447 682 1516 alind
704 1447 872 1516 continere
895 1446 965 1515 visa
987 1459 1058 1524 cst,
1082 1436 1225 1543 quo'laic

126 1547 258 1634 quidem
282 1549 329 1613 nti
350 1549 472 1614 liceret
513 1549 675 1616 Consulto
692 1549 864 1616 omisimus
882 1550 1114 1638 fragmentum,
1137 1551 1225 1638 qnod

124 1672 199 1714 cnm
223 1649 394 1714 Huschkio
415 1650 456 1714 de
478 1650 621 1716 Annio
645 1649 815 1716 Cimbro
837 1673 870 1738 p.
894 1649 948 1716 (il.
973 1647 1166 1718 Dindorlins
1189 1651 1222 1716 in

124 1749 229 1814 Thes.
255 1749 330 1813 Par.
362 1773 390 1814 s.
417 1773 448 1814 v.
477 1753 606 1832 βαΰζω,
645 1749 779 1838 Grysar.
803 1773 837 1840 ρ.
862 1749 902 1833 7,
934 1747 1123 1816 Meinelrins
1144 1750 1222 1818 Del.

123 1851 227 1916 nnat.
252 1875 286 1940 p.
310 1851 390 1935 135,
413 1852 471 1917 alii
494 1875 512 1918 e
536 1851 657 1918 Tzetze
678 1852 720 1918 ad
742 1852 909 1941 Lycoplr.
933 1851 975 1918 77
998 1876 1057 1941 pro
1080 1851 1223 1940 Soplrro·

123 1975 186 2017 neo
208 1953 406 2020 attuleruntz
453 1955 470 2019 ὁ
502 1952 562 2038 γὰρ
593 1953 675 2020 κύων
704 1955 824 2036 floriger
846 1951 991 2036 (βαύξας)
1015 1952 1080 2018 λύει
1101 1953 1138 2017 rol
1161 1954 1223 2037 oei·-

126 2079 227 2136 σματα
243 2101 275 2119 ..
320 2055 369 2120 Ec
399 2055 487 2121 enim
510 2055 653 2122 'l'zetzac
676 2055 774 2124 verba
799 2079 896 2138 esse,
934 2079 999 2122 non
1024 2055 1222 2146 Sophronis,

123 2167 210 2222 recte
235 2155 440 2224 intellexerat
460 2157 689 2226 Blornlieldins
709 2159 750 2224 ed
772 2159 814 2222 fr.
830 2157 882 2224 38.
906 2155 1047 2224 Tzctzes
1063 2158 1130 2224 ita=
1160 2145 1222 2222 ntss

125 2283 196 2324 ουσι
218 2257 250 2320 d'
274 2257 383 2328 adroic
404 2255 495 2342 (Ῥέᾳ
517 2263 570 2324 καὶ
589 2258 729 2348 Ἑκάτῃ)
754 2258 868 2336 κύνας,
907 2257 951 2336 ὥς
973 2283 1053 2342 φησι
1074 2257 1220 2345 Σώφρων

123 2361 156 2423 ἓν
177 2363 317 2440 Μίμοις·
365 2359 463 2444 ὁγὰρ
486 2361 568 2424 κύων
596 2363 717 2444 βαΰδας
745 2361 809 2426 λύει
830 2359 868 2424 τὰ
891 2359 1057 2442 φάσματα,
1104 2363 1146 2437 ὥς
1168 2367 1221 2426 καὶ

122 2461 237 2561 xcix—dc
260 2468 427 2548 κροτηθεῖς
449 2465 506 2527 aire
528 2490 556 2526 τι
578 2467 725 2528 τοιοῦτον.
805 2547 810 2558 .

439 2767 901 2836 ΕΡΙΜΕΉΗΙΜ.

207 2980 438 3055 Additamento
461 2987 501 3050 ad
525 2998 698 3076 utrumqne
720 2985 841 3052 librum
863 2987 1048 3079 typothetae
1065 2987 1135 3072 jam
1157 2999 1219 3054 tra·

123 3091 189 3158 dita
220 3102 330 3170 erant,
376 3111 476 3178 qnnm
510 3089 605 3154 allata
641 3100 718 3154 sunt
747 3111 831 3178 quac
861 3087 979 3152 vellem
1017 3089 1098 3154 milri
1128 3089 1220 3179 prius

123 3205 251 3284 praesto
279 3193 430 3258 inissent.
476 3189 622 3256 Primum
645 3189 776 3255 Franzii
805 3189 1033 3256 benevolentia
1055 3191 1220 3281 epigram-

122 3307 205 3362 mata
226 3294 405 3360 Lesbiacac
428 3292 580 3376 dialecti,
603 3315 687 3384 qnae
709 3291 744 3355 in
766 3289 954 3358 Memnonis
978 3303 1081 3358 statua
1099 3292 1220 3380 scripte

123 3409 250 3480 extent,
281 3421 298 3460 a
322 3421 357 3462 se
379 3393 547 3460 emendate
569 3405 601 3457 ct
623 3393 773 3483 suppleta
794 3393 987 3459 transmisit.
1030 3393 1132 3482 Apud
1155 3385 1218 3458 Lc-

123 3501 305 3574 tronninm,
344 3497 401 3586 qui
431 3495 666 3584 inscriptiones
693 3494 901 3563 Memnonias
923 3519 942 3560 e
966 3493 1062 3560 Saltii
1084 3517 1218 3584 apogra-

121 3605 184 3690 plro
207 3601 242 3668 in
264 3599 538 3666 Transactionrrm
561 3595 687 3687 Regiae
715 3589 891 3664 societatis
919 3595 1104 3662 Literernar
1126 3595 1217 3662 Lon-

122 3703 272 3770 dinensis
295 3715 327 3768 et
351 3701 507 3792 peculiari
529 3699 616 3764 lilrro
638 3695 760 3775 edidit,
784 3709 932 3764 suntor.
954 3697 1003 3762 19.
1021 3697 1074 3762 21.
1091 3697 1145 3762 23.
1162 3699 1217 3763 2⁴.

122 3806 182 3891 253
216 3805 275 3872 sed
297 3827 396 3894 «joum
428 3803 461 3868 in
485 3803 536 3867 lrie
558 3800 714 3892 temporis
737 3797 899 3893 angustiis
921 3807 1071 3862 nentrnnr
1095 3797 1216 3864 librnrn

122 3907 202 3972 milri
224 3931 409 3998 comparare
429 3905 575 3996 possim,
602 3903 664 3970 soli
686 3900 821 3968 Frenzii
843 3901 1029 3993 apographo
1054 3899 1217 3967 confidere

74 4051 76 4056 ·
122 4019 255 4096 oportet.
302 4009 376 4075 Viri
406 4009 508 4100 igitur
535 4003 764 4074 humanissimi
794 4003 889 4072 venie
918 4002 1087 4091 impetrata
1117 4025 1216 4092 eppo·

121 4133 194 4176 narn
222 4109 474 4200 epigrammata,
521 4133 604 4200 quse
641 4105 754 4200 prucis
785 4104 917 4192 cognite
949 4127 1023 4170 essc
1052 4103 1216 4188 videntur,

119 4235 189 4276 raro
220 4211 254 4276 in
286 4213 493 4300 gravioribus
521 4211 620 4278 rebam
648 4207 821 4276 aFraneii
848 4205 1042 4274 recensione
1063 4206 1215 4274 recedere

174 4341 219 4406 ll.
977 4333 1018 4398 37
