2890 4812
275 369 351 448 332
641 371 698 443 De
726 369 991 471 conjugatione.

276 571 493 640 dnhitaticnis
521 573 628 640 hahet.
685 571 865 664 Reperitur
891 574 987 640 tortia
1015 573 1195 663 singularis
1225 573 1355 648 tantun

274 675 409 743 IIcracl.
433 675 472 742 Β.
499 675 561 754 39,
586 674 706 758 εἰλάφει
726 675 829 741 Phoc.
853 677 981 754 7311„
1005 675 1135 756 ἰλελὴθη
1159 677 1297 744 Theocr.
1317 675 1357 755 X,

274 777 317 844 ³8
344 792 377 844 ct
397 778 520 860 πεφύκῃ
550 776 656 860 XIII,
679 778 743 858 4⁰,
778 801 861 868 quae
890 803 908 844 e
936 777 1063 844 minore
1092 777 1250 844 lihrorum
1278 787 1357 866 parte

272 903 334 970 pro
357 878 497 956 ἐλελήθει
517 889 550 944 et
570 879 702 960 πεφύκει
722 892 851 969 recepta
874 893 969 963 sunt,
1003 892 1167 970 postremo
1188 883 1315 944 λελοίπει
1332 877 1357 958 I,

275 981 337 1048 139
360 991 392 1044 et
413 980 501 1061 ἐῴκει
523 983 609 1067 vll,
634 985 694 1066 14,
719 1005 803 1073 qnae
824 983 989 1072 Bergltitts
1011 1006 1030 1046 e
1053 982 1196 1070 singulis
1216 981 1310 1048 lihris
1328 980 1358 1042 in

274 1085 396 1160 λελοίπη
419 1093 452 1149 ct
473 1081 552 1165 ἐῴκη
575 1083 729 1150 mutanda
751 1083 892 1152 censuit.
944 1085 1118 1152 Praeterea
1138 1085 1240 1174 prima
1262 1083 1357 1174 plura·

272 1185 317 1250 Iis
332 1185 613 1272 ἰκεκρατηρίχημες
628 1197 678 1251 est
693 1185 812 1275 Sophr.
827 1188 888 1270 713
912 1209 986 1250 nam
1005 1185 1213 1266 ἐπεπόνθεμες
1224 1185 1355 1274 Lysistr.

274 1284 358 1353 1098
389 1309 430 1352 ex
460 1287 617 1374 Elmsleji
648 1289 837 1374 conjectura
869 1311 983 1376 parurn
1015 1287 1178 1376 probabili
1210 1287 1357 1376 scriptum

273 1385 379 1476 estt).
428 1387 503 1456 dam
526 1390 555 1455 si
579 1389 770 1480 Sophronea
791 1413 856 1456 vox
877 1401 968 1454 recte
987 1390 1104 1457 tradita
1127 1401 1195 1472 est,
1228 1415 1294 1453 non
1315 1409 1358 1452 so·
1417 1442 1418 1462 ,

271 1491 342 1558 lum
359 1491 504 1557 severior
518 1493 633 1575 Doris,
657 1491 698 1560 de
720 1515 784 1582 qna
806 1503 934 1557 constat
955 1517 996 1556 ex
1011 1490 1156 1568 dnotnitn
1170 1492 1205 1555 in
1220 1488 1357 1566 Harrei,

272 1595 410 1680 vulgare
433 1618 460 1657 ει
481 1593 516 1658 in
539 1623 557 1672 η
582 1595 735 1678 mutarit,
759 1593 817 1660 sed
839 1594 935 1660 ctiam
957 1593 1068 1659 mitior
1088 1617 1147 1684 per
1163 1615 1275 1658 omnes
1296 1613 1358 1680 per·

274 1720 392 1782 aonas3
425 1695 546 1780 eildpn
577 1697 612 1760 in
640 1695 738 1760 titulo
766 1695 910 1762 Phocico
940 1697 1018 1762 satis
1046 1694 1172 1761 recenti
1201 1690 1358 1781 evulgari

272 1797 388 1888 lingua
416 1809 617 1888 assumptum
650 1797 829 1864 existimari
860 1808 993 1886 potest3
1031 1796 1248 1882 Theocritus,
1281 1794 1358 1884 apud

273 1923 372 1988 quem
392 1899 553 1966 lihrornm
574 1901 749 1966 auctoritas
769 1899 1031 1964 terminationem
1053 1925 1081 1963 rt
1102 1909 1229 1978 tuetur,
1260 1911 1357 1962 utrum

271 1999 429 2070 Doricam
451 2027 494 2070 an
513 2002 638 2093 epicam
660 2002 835 2068 dialectum
864 2001 1036 2068 inhaere
1058 2011 1191 2068 secutus
1213 2000 1274 2084 sit,
1308 1998 1358 2062 du·
1419 2091 1420 2100 ἵ

271 2104 363 2170 hium
388 2115 449 2170 est.

356 2230 391 2310 6)
436 2228 677 2316 Suhjectivi
704 2229 952 2296 terminationes
980 2227 1149 2315 evulgari
1169 2227 1295 2291 ratione
1315 2222 1358 2286 ni·

271 2331 322 2398 hil
341 2331 497 2398 dill'eruut
518 2343 743 2421 praeterquam
767 2333 803 2396 in
824 2332 919 2398 tertia
939 2329 1060 2422 plurali
1082 2328 1266 2394 indicativi:
1315 2325 1358 2390 Ea

272 2444 349 2523 post
379 2433 508 2500 vocales
542 2431 676 2523 stirpem
715 2435 903 2500 claudentes
936 2435 1089 2522 vulgares
1120 2431 1357 2496 terminationes

271 2561 341 2600 παι
368 2549 401 2602 et
429 2561 480 2601 vro
508 2547 617 2622 tenet,
652 2548 688 2604 nt
715 2539 751 2604 in
772 2539 864 2604 Ann.
887 2537 975 2602 Oxx.
998 2537 1037 2620 1,
1058 2535 1143 2620 224,
1165 2534 1209 2600 26
1237 2533 1358 2598 aarum

305 2815 334 2882 2)
369 2813 451 2868 Libri
471 2815 540 2868 lrsec
557 2813 707 2884 praebent:

384 2910 604 3010 Ῑῄιλυχαρίδα,
626 2927 697 2982 dravu'
714 2925 742 2994 γ’
760 2919 795 2980 oti
811 2927 983 2991 ntndrdopte

384 3013 438 3069 cta'
458 3017 513 3068 ldae
529 3013 592 3078 ἁμὲς
610 3013 700 3088 ti'rdptc
719 3013 936 3078 oivnmpnnpirotr
954 3015 1010 3080 (vel
1028 3013 1281 3082 deontplanps'ruc).

270 3129 353 3184 Nunc
370 3129 465 3184 editur
482 3127 553 3183 dranci
569 3127 620 3182 rtis
637 3129 829 3196 iutndrdsntr,
847 3129 877 3182 ni
894 3127 919 3182 κ’
937 3121 1004 3184 ridor
1018 3127 1070 3192 titel
1086 3129 1195 3200 (ἅνδρες
1214 3127 1357 3188 airusale-

271 3219 364 3280 σμόνως
389 3216 514 3270 violente
531 3217 698 3284 mutatione,
723 3233 795 3284 qnae
814 3233 848 3270 ne
865 3215 1029 3270 sententiam
1047 3213 1161 3282 quidem
1179 3216 1302 3268 idoneam
1317 3211 1359 3264 el-

270 3301 357 3358 liciat.
392 3303 474 3356 Haud
495 3303 582 3380 dubie
602 3303 729 3358 Lacones
747 3303 962 3360 Atheniensium
981 3303 1115 3368 querelae
1133 3302 1230 3375 ιιίσχρά
1253 3301 1280 3367 γ’
1297 3296 1358 3352 ttro'-

270 3395 355 3454 anne
374 3390 557 3460 respondent,
583 3387 613 3444 id
632 3391 706 3457 quod
728 3389 825 3460 priore
842 3406 923 3444 uersu
942 3399 996 3444 tam
1015 3383 1079 3458 apte
1096 3387 1143 3454 lit,
1162 3403 1192 3444 ut
1211 3389 1284 3442 nulla
1300 3401 1357 3440 ror-

272 3479 398 3547 roptelae
414 3475 540 3545 suspicio
559 3476 587 3528 in
608 3477 661 3530 hoc
677 3492 738 3530 esse
757 3475 854 3545 possit.
881 3477 926 3529 Atl
946 3477 1063 3530 alterum
1082 3479 1210 3531 conteras
1230 3469 1356 3544 llesyclrii

271 3565 391 3632 glossam
411 3563 567 3624 ral'snudn,
594 3563 718 3632 αἰσχύνη·
745 3562 874 3622 Λάκωνες.
918 3563 970 3617 Coi
996 3573 1025 3616 ut
1046 3561 1131 3618 fidem
1151 3563 1254 3616 habere
1272 3563 1355 3617 llceah

271 3649 459 3705 correxerim:
489 3648 560 3704 dreni
578 3647 605 3714 γ’
625 3640 661 3702 od
679 3648 850 3712 πεπόνθαμες
871 3651 1012 3706 animulas
1028 3645 1106 3712 ἁμές,
1142 3651 1252 3717 reliqua
1268 3649 1301 3702 ad
1318 3662 1357 3699 se·

271 3738 386 3804 quentia
409 3733 589 3790 Atheniensis
616 3735 702 3790 verbe
720 3737 870 3792 traxerimz
898 3736 1003 3806 ἄνδρες,
1027 3731 1244 3798 introeuntem
1261 3735 1304 3801 itys
1321 3729 1357 3798 li,

260 3821 406 3890 mommo,
431 3813 502 3874 αὖθ’
522 3823 617 3874 ἕκαστα
632 3821 685 3892 χρὴ
703 3825 793 3890 λέγειν.
829 3823 898 3878 Nam
919 3824 1047 3890 neglecta
1064 3839 1191 3892 apocope
1216 3825 1243 3876 in
1268 3821 1357 3874 deont-

270 3913 401 3974 annutans
421 3909 544 3964 Atticum
571 3925 727 3963 sermonem
745 3907 888 3984 siguificat
905 3919 933 3962 et
950 3907 1040 3982 ἄνδρις
1057 3909 1178 3968 Λάκωνες
1198 3909 1260 3964 item
1279 3921 1318 3962 cst
1336 3921 1354 3952 t·

274 3998 438 4052 1074.1122.
476 3999 513 4050 ht
531 4013 588 4050 vox
605 3991 786 4065 uisendo'per
803 4013 833 4050 se
853 3995 924 4050 mita
941 4008 985 4052 est
1001 4007 1029 4050 et
1045 3996 1147 4049 seriem
1167 3993 1357 4066 alphabeticum

272 4083 381 4148 turbat,
415 4098 500 4148 quum
524 4083 561 4136 sit
575 4093 638 4150 post
654 4083 742 4143 citeros
760 4093 789 4137 et
806 4081 893 4152 citari.
935 4083 997 4136 Hoc
1015 4083 1092 4137 cadit
1110 4083 1193 4137 etiam
1212 4085 1241 4136 in
1258 4082 1358 4134 οϊιιδδα,

272 4169 347 4238 qued
370 4169 596 4222 itemsterhusius
613 4171 778 4241 preposuit;
809 4170 906 4237 aliquo
925 4179 1015 4224 tamen
1031 4171 1095 4236 jure
1113 4169 1218 4238 dasle,
1245 4169 1308 4222 Lar.
1325 4167 1359 4216 ot·

271 4257 349 4312 ιιδδα
366 4255 402 4308 ab
420 4252 509 4312 atarto
527 4255 652 4312 derivari
671 4256 779 4327 possit,
796 4267 826 4310 ut
844 4255 921 4322 σχίζα
937 4273 954 4312 a
970 4256 1057 4323 exitu.
