2844 4806
260 379 338 460 “⁰
563 379 736 458 Addonda
760 396 796 456 ot
823 379 1079 482 Corrigenda·

261 601 427 659 auctorem
454 601 487 658 et
506 589 626 672 Σήμιοι
647 587 885 656 Atheniensem
906 585 946 652 G.
970 587 998 652 1.
1033 585 1197 670 nr.138;
1245 585 1352 666 Σάμη

262 693 418 785 Epirotae
439 715 557 760 nomen
580 691 666 756 idem
688 700 739 756 eet
764 689 852 780 quod
874 688 989 771 Σὴμιιν
1008 689 1045 754 in
1067 687 1253 778 Epitaphio
1274 688 1354 754 Aes

262 821 321 883 ως
366 796 443 862 item
470 793 661 878 Σαμαγόρας
690 791 858 858 Cretensis
888 803 921 858 et
941 789 1131 874 Σημαγόρας
1156 789 1194 854 iu
1223 813 1354 856 nuno
1402 857 1403 876 φ

262 898 443 988 Smyrnaeo
463 894 593 964 Mionu.
617 895 686 979 ΙΙΙ,
712 895 775 962 198
795 893 998 982 conspirant.
1062 891 1133 958 Nee
1152 893 1271 960 minua
1289 892 1353 956 Σά-

261 1003 398 1086 μιιιδρος
414 999 618 1088 Corcyraens
628 1047 640 1077 ‚
663 997 789 1078 Σαμιάς
810 997 1003 1062 Himeraeus
1023 996 1110 1085 npud
1131 993 1351 1076 Phalaridm,

261 1101 426 1188 Σαμιάδιῑς
446 1101 619 1184 Rhodius,
651 1101 793 1190 Σαμίδας
814 1098 1016 1180 Thebanus,
1046 1096 1215 1178 Σάμιππος
1237 1097 1350 1178 Areae,
1403 1169 1404 1192 ¹

261 1204 464 1289 Σαμόθοιιος
494 1201 698 1286 Thessalus,
742 1199 890 1284 Σαμόλας
919 1201 1072 1264 Asinaeus
1103 1198 1244 1288 (quibua
1275 1199 1351 1264 adde
1403 1201 1404 1212 ’

261 1306 454 1374 Boeotirnm
489 1328 609 1370 nomen
640 1303 781 1388 Σάμιχις
820 1302 860 1368 C.
883 1303 912 1367 1.
947 1302 1040 1369 1574„
1075 1301 1170 1368 1590.
1205 1299 1299 1368 tom.
1318 1301 1349 1378 Ιι,

262 1409 364 1476 Leak.
388 1406 449 1490 37,
471 1405 565 1472 curt.
587 1407 646 1488 8),
669 1405 804 1470 eandem
825 1404 1014 1494 opinionem
1036 1403 1241 1492 permittunt.
1276 1402 1350 1466 vn·

261 1511 302 1577 de
322 1509 484 1574 insertum
506 1517 558 1574 est
580 1506 739 1596 Cyziceni
759 1529 880 1574 nomen
901 1505 1045 1590 Σάμυλος
1066 1506 1108 1572 C.
1131 1506 1163 1570 1.
1195 1529 1244 1570 nr.
1267 1504 1348 1570 2158

346 1711 444 1801 Pag-
470 1709 534 1783 110
561 1735 620 1778 ur.
641 1711 675 1779 8.
716 1710 975 1803 ΒοΙΙίφφοιΙιι
1003 1736 1077 1779 enm
1097 1709 1347 1778 Schneidewino

261 1839 355 1898 meo,
388 1814 447 1904 qni
476 1813 622 1902 singulas
648 1815 757 1904 operis
786 1815 938 1905 plagulas
967 1815 1177 1904 atypotheta
1205 1823 1344 1901 aeneotas

261 1919 407 1986 Pindaro
439 1915 647 2006 potissimum
679 1917 889 1984 consulturus
921 1915 1154 2008 perlustravit,
1200 1915 1348 1981 acerrime
1405 1914 1406 1996 1

260 2019 406 2112 pugnavi
428 2029 480 2101 et,
512 2017 589 2084 dum
610 2041 700 2084 meae
723 2018 903 2084 sententian
924 2017 1089 2110 praesidia
1108 2016 1348 2105 cirenmspieio,

260 2123 297 2188 in
324 2145 362 2188 ea
389 2119 518 2204 ineidi,
551 2143 635 2210 quae
665 2143 734 2186 rem
755 2119 913 2211 ampliore
935 2119 1166 2211 disquisitione
1188 2118 1351 2186 retr-aemi

257 2223 426 2312 juberent.

345 2325 494 2390 Primum
514 2323 555 2389 de
575 2323 719 2390 nominis
741 2325 845 2392 forma
865 2323 1061 2390 videbimus.
1106 2322 1301 2390 Boeokhius
1321 2324 1351 2388 in

165 2463 181 2491 a
260 2425 440 2515 Explinatt.
470 2425 511 2492 ad
532 2425 632 2515 Pyro.
654 2426 689 2492 X
709 2425 855 2494 diversae
877 2425 1027 2513 ejusdem
1057 2425 1201 2492 nominis
1233 2425 1351 2491 formas

261 2527 343 2594 dicit
361 2551 434 2596 esse
453 2529 643 2611 Ἱπποκλῆς,
670 2531 872 2608 Ἰπποιιλεής,
901 2529 1105 2612 Ἱππιιιιλὲας,
1134 2525 1352 2594 diuuekea'uau

260 2631 302 2698 ad
323 2631 449 2698 Anton.
474 2631 587 2696 Liber.
611 2631 654 2696 34
681 2655 715 2720 p.
739 2631 800 2698 271
830 2629 979 2696 lnndaus.
1044 2630 1092 2694 Aa
1110 2629 1166 2694 bie
1184 2633 1353 2706 Ἱπποκλῆς

260 2745 294 2801 et
312 2733 497 2809 Ἰπιιοιλέας
524 2731 612 2798 idem
633 2755 707 2798 esse
727 2731 821 2799 nnilo
841 2733 907 2800 elio
928 2741 1118 2823 argumento
1140 2731 1351 2806 demonstrat,

259 2849 486 2928 praeterquam
509 2835 597 2924 quod
619 2833 752 2901 Scholia
773 2835 871 2900 Piud.
895 2835 994 2923 Pyth.
1018 2833 1069 2900 XI
1091 2841 1173 2898 extr.
1197 2857 1217 2898 e
1241 2835 1352 2924 vulga·

259 2936 291 3004 ri
310 2937 454 3006 lectione
475 2936 669 3026 Iphiclidem
691 2937 858 3026 appellant
877 2935 930 3001 ιόι
945 2934 1083 3018 Ἰφικλιά
1102 2935 1201 2998 παῖδα
1218 2933 1349 3010 Ἰόλαιι,

259 3037 318 3104 ubi
338 3037 411 3128 ipse
432 3039 620 3106 Boeokhins
641 3037 745 3104 edidit
764 3037 959 3122 Ἰφιιιλιόυς,
983 3059 1085 3126 qunm
1107 3035 1142 3100 in
1158 3035 1253 3102 Gora.
1278 3037 1351 3104 seri·
1406 3089 1407 3096 ,

259 3149 350 3229 ptum
374 3141 419 3204 sit
439 3140 493 3206 τὸν
507 3141 646 3223 Ἰφικλέα
668 3141 737 3219 ἦτοι
756 3139 811 3207 τὸν
825 3140 1011 3224 Ἰφικλέους.
1053 3137 1141 3204 Num
1164 3137 1349 3206 Boeettins

257 3242 443 3316 ‘Inmortr'ne
472 3243 612 3310 dialecto
633 3243 674 3309 ub
694 3244 876 3320 Ἴπποκλιής
905 3241 1072 3307 diversu-
1102 3239 1343 3322 existimaverit,

260 3367 328 3410 non
349 3341 434 3416 satis
451 3355 594 3432 apparet.
661 3343 822 3412 Miillerns
850 3355 958 3410 tamen
989 3343 1072 3408 Dor.
1097 3343 1122 3410 1.
1156 3367 1191 3434 p.
1216 3345 1260 3411 90
1283 3367 1345 3408 ron

261 3444 421 3512 dubitarit
439 3446 611 3529 ’Προκλέης
631 3446 786 3514 Dor-inam
808 3445 950 3512 nominis
973 3449 1122 3530 Προκλῆς
1144 3445 1281 3512 formam
1300 3444 1348 3509 di·

260 3569 357 3631 nere,
393 3547 527 3613 liubnio
559 3546 791 3638 (Sylbnrginm
812 3549 981 3614 nominare
1003 3543 1156 3632 debebat)
1186 3549 1230 3613 ad
1251 3549 1349 3614 Paus.

260 3648 338 3730 ΙΙΙ,
362 3651 380 3714 1
404 3651 560 3716 confisus.
606 3649 806 3740 Sylbnrgius
828 3660 935 3714 antem
957 3671 1057 3740 quum
1079 3649 1139 3714 illo
1161 3649 1238 3716 ioco
1260 3673 1351 3715 aeen·

261 3749 399 3816 sativum
423 3753 588 3835 Προιλιάν
608 3776 649 3818 ex
671 3753 811 3818 Aeliano
833 3751 922 3816 Hist.
946 3752 1015 3816 Αιι.
1037 3750 1114 3816 ΧΧ.
1147 3775 1178 3816 u.
1203 3753 1244 3818 ³1
1274 3765 1351 3818 attu-

259 3848 377 3932 lissot,
419 3865 532 3941 posteo
562 3855 634 3944 ipse
663 3854 704 3918 nd
731 3877 760 3918 n.
786 3855 825 3919 15
850 3853 998 3936 Προιλιά
1025 3851 1186 3936 correxit,
1222 3855 1351 3942 quoda

261 3949 429 4018 Gronorio
451 3978 469 4018 e
488 3953 578 4021 Med.
602 3967 793 4045 receptum,
834 3955 868 4020 in
889 3953 1125 4020 recentioribus
1149 3955 1351 4022 editionibus

260 4061 359 4118 extat.
424 4055 514 4122 Haeo
544 4059 655 4124 suisne
682 4059 863 4146 volensque
893 4056 1025 4128 silentio
1055 4059 1350 4145 praetermiseram.

130 4151 135 4164 ⁸
260 4153 351 4243 qnod
383 4155 418 4220 in
452 4159 804 4244 praestantissimorum
835 4159 1002 4224 hominnm
1033 4159 1201 4225 erroribus
1232 4163 1351 4252 patria·

261 4254 389 4322 niendis
409 4257 475 4322 nisi
497 4259 570 4347 iper
590 4284 626 4325 re
647 4271 784 4350 ungente
805 4261 998 4328 commorari
1018 4284 1085 4328 nou
1107 4285 1190 4328 anuo.
1256 4261 1351 4328 Nune
