2878 4814
263 363 340 446 106
526 363 643 458 118.
692 365 750 440 De
774 363 926 440 mitiore
950 359 1100 441 Doride.

263 568 471 636 Achaeorum
491 565 627 659 lingua,
660 587 728 634 non
756 567 943 636 dubitamus
972 581 1080 637 temen
1102 569 1183 660 quin
1212 569 1357 660 vulgaris

262 669 366 736 Doris
389 671 573 738 eommunis
596 669 731 737 concilii
752 669 891 738 Aebaiei
912 671 1029 763 lingna
1050 672 1151 740 luerit
1170 684 1204 739 et
1222 672 1298 738 bine
1320 672 1358 736 ia

262 771 440 839 Arcadium
471 781 505 838 et
533 771 733 840 Laconicam
761 783 939 864 propagata
971 775 1026 842 sit.
1087 772 1358 866 blegalopolitsni

263 874 352 956 enim
374 884 499 945 mature
518 873 663 942 Acbaeis
683 872 787 941 additi
809 887 911 960 sunt,
933 875 1098 965 Tegeatae
1118 887 1194 968 post
1214 899 1360 968 pugnam

263 975 497 1045 Sellasieneem
516 999 547 1044 a.
569 977 653 1062 222,
675 976 992 1046 Elentberoleeones
1012 1004 1042 1046 a.
1067 979 1147 1064 tst,
1170 977 1238 1069 ipsi
1261 978 1359 1068 Spar·

261 1079 332 1147 tani
354 1078 390 1146 in
412 1078 511 1147 breve
528 1089 671 1170 tempus.
722 1077 797 1146 Jam
826 1079 988 1170 intelligis
1010 1082 1144 1148 eandem
1167 1081 1360 1172 explicatio·

261 1203 338 1249 nem
358 1179 400 1247 ad
412 1181 671 1260 Messeniorum,
696 1179 756 1274 qui
777 1201 844 1248 non
865 1182 975 1249 minus
996 1205 1056 1274 per
1075 1182 1210 1274 aliquod
1227 1195 1360 1273 tempus

261 1281 402 1350 Aebaici
423 1281 567 1354 foederis
589 1295 702 1368 erant,
730 1283 964 1375 inscriptiones
986 1283 1135 1352 adbiberi
1156 1307 1269 1376 posse.
1315 1283 1361 1350 Et

262 1397 359 1454 erunt
379 1387 540 1471 fortasse,
563 1385 622 1476 qui
643 1385 684 1452 de
697 1385 987 1454 Hermionensinm
1011 1385 1152 1454 dialecto
1174 1409 1241 1454 non
1263 1385 1361 1453 aliter

257 1486 475 1576 judicandum
496 1509 570 1554 esse
590 1498 765 1572 censeant,
799 1511 986 1582 quenquam
1007 1489 1066 1554 bos
1088 1501 1184 1556 antea
1204 1488 1269 1556 slis
1290 1489 1360 1554 dis-

260 1587 348 1658 lecto
370 1613 450 1658 usos
471 1611 634 1658 essenon
656 1597 795 1657 constat.
851 1587 985 1658 Deinde
1006 1587 1196 1658 dubitamus
1223 1613 1265 1656 an
1287 1591 1359 1656 vul·

262 1691 352 1780 garis
370 1689 509 1760 Doridis
528 1690 685 1782 publicas
708 1691 768 1760 ille
788 1713 869 1757 usus
891 1691 988 1760 etiam
1008 1691 1050 1758 ad
1070 1692 1255 1782 antiquiore
1277 1703 1358 1760 tem·

260 1815 341 1884 pora
361 1793 480 1862 reterri
499 1793 617 1885 possit.
663 1793 739 1879 Qua
759 1792 924 1861 communi
945 1793 1085 1861 dialecto
1106 1795 1286 1883 concilium
1296 1795 1358 1860 Pe·

260 1894 551 1986 loponnesiacnm,
573 1897 628 1962 cui
644 1895 796 1986 Spartani
816 1893 1066 1988 praesidebant,
1089 1919 1185 1965 usum
1207 1919 1281 1964 esse
1297 1921 1357 1985 pu·

261 1999 393 2067 temusl
421 2009 532 2065 utrum
554 1997 741 2086 Laconica,
764 2019 806 2063 an
827 2019 865 2062 ee
886 2019 971 2088 qnae
993 1997 1164 2088 plerisque
1184 1997 1356 2066 familiaris

262 2111 348 2188 erat,
379 2099 510 2190 vulgari
531 2097 681 2167 Doride‘l
735 2099 831 2166 llane
859 2098 901 2164 ab
923 2099 1060 2188 Argivis
1087 2099 1264 2190 peculiaris
1286 2100 1356 2166 dla-

261 2201 339 2270 lecti
361 2201 435 2269 loeo
464 2211 656 2291 usurpatum
688 2223 763 2270 esse
792 2199 828 2266 in
857 2199 990 2269 loedere
1019 2201 1105 2291 epod
1126 2201 1355 2291 Thucydidem

261 2301 315 2388 V,
342 2301 410 2387 ⁷9,
447 2325 632 2394 quanquam
663 2301 782 2392 Argivi
815 2301 1090 2396 Peloponnesiaci
1121 2303 1255 2371 concilii
1288 2327 1355 2370 non

260 2403 438 2496 participes
466 2415 577 2484 erent,
611 2405 698 2472 bend
718 2403 831 2495 inepte
852 2403 1015 2495 suspicari
1035 2404 1134 2488 lieet,
1166 2417 1203 2471 nt
1223 2405 1355 2494 'l'bncp-

261 2505 357 2574 dides
378 2529 397 2573 a
417 2506 641 2598 negligentiae
662 2505 820 2592 crimine,
849 2507 937 2596 quod
959 2517 1093 2598 propter
1112 2507 1259 2596 Argivae
1280 2531 1355 2597 pro·
1423 2543 1424 2548 κ

260 2607 409 2698 prietatis
437 2609 616 2680 absentiam
646 2631 744 2698 supra
774 2602 805 2698 ξ.
832 2609 892 2690 ll,
924 2609 941 2676 1
971 2609 1007 2676 in
1034 2633 1109 2676 enm
1138 2608 1352 2695 conjecimus,

260 2709 464 2796 vindicetur,
488 2711 533 2777 cl'.
556 2709 590 2794 ἓ.
611 2710 654 2794 2,
677 2711 737 2794 11,
765 2709 825 2776 nbi
848 2731 914 2778 non
938 2708 1017 2778 satis
1039 2721 1187 2778 accurate
1209 2711 1354 2778 foederis

261 2809 438 2879 dialectum
459 2813 618 2903 Argiuam
642 2811 817 2890 diximus„

345 2911 506 3002 Sicilie
538 2913 674 2981 colonos
705 2913 887 2980 Dorienses
920 2937 939 2979 a
972 2911 1157 2996 Corintho,
1196 2913 1352 3003 blegaris,

259 3013 378 3082 Rhodo
397 3017 542 3106 recepitp
574 3014 768 3098 Cretenses,
800 3013 860 3104 qui
881 3035 956 3080 cum
978 3013 1119 3081 Rbodiis
1141 3015 1256 3083 Gelam
1277 3039 1353 3083 con·
1423 3067 1424 3102 ,

260 3115 434 3202 diderunt,
455 3117 629 3209 panciores
644 3117 748 3184 luisse
762 3116 935 3198 sidentur,
958 3137 1055 3205 quam
1076 3117 1134 3208 qni
1156 3122 1191 3186 lu
1204 3117 1352 3184 coioniae
1423 3177 1424 3180 ,

260 3217 401 3286 dialecto
429 3217 657 3286 constituenda
685 3217 833 3286 valerent
859 3219 904 3288 cl.
935 3217 1034 3284 ttntt.
1057 3217 1140 3285 Dur.
1171 3219 1189 3286 1
1219 3243 1252 3310 p.
1279 3221 1350 3298 111,
1423 3205 1424 3240 ¹

259 3341 321 3386 nee
351 3319 456 3411 magis
487 3319 649 3391 blesssnii
678 3319 826 3386 Zanclen
858 3319 1109 3406 commigrantes
1148 3320 1183 3388 in
1218 3343 1350 3386 censum

259 3419 408 3487 veniunt.
474 3421 572 3490 Geloi
612 3444 790 3510 eorumque
830 3422 941 3488 eoloni
973 3420 1185 3511 Agrigentini
1216 3423 1350 3512 patrium
1423 3395 1424 3464 l

259 3519 466 3590 Rhodiorum
488 3523 662 3592 dialectum
687 3533 878 3606 servarunt,
914 3522 954 3588 de
985 3545 1049 3612 qna
1077 3523 1163 3590 iutra
1192 3523 1348 3591 dicemus.
1423 3521 1424 3574 ἶ

259 3625 292 3690 Α
316 3623 498 3692 Corintbiis
520 3638 553 3693 et
573 3624 823 3713 Megarensibus
852 3623 999 3712 vulgeris
1020 3625 1123 3691 Doris
1144 3623 1180 3688 in
1202 3623 1349 3692 Siciliam
1423 3663 1424 3668 κ

259 3727 356 3794 alluta
384 3739 455 3805 est,
490 3751 574 3820 quse
604 3727 700 3795 etiam
727 3725 770 3791 ad
796 3725 936 3816 populos
968 3725 1098 3817 origine
1122 3749 1189 3794 uon
1210 3724 1349 3794 Doricos

259 3838 315 3894 ant
336 3827 417 3896 adeo
437 3853 503 3896 non
523 3829 666 3895 Graecos
688 3827 931 3894 transmansvit.
965 3827 1056 3893 Hace
1074 3825 1348 3916 Syracusanorum

259 3939 293 3996 et
312 3923 543 4020 plerorumque
558 3929 766 4014 Siculorum,
788 3939 953 4019 praeterea
973 3927 1157 3996 lesensium
1175 3952 1194 3994 a
1211 3927 1348 4018 Syracu·

260 4029 350 4096 sanis
373 4030 586 4099 oriundorum
608 4031 767 4098 disleetns
794 4031 904 4100 minus
933 4053 976 4098 ex
1002 4029 1277 4122 inscriptionibus
1296 4053 1348 4098 co·

260 4130 431 4220 gnoscitur
459 4157 555 4224 quam
585 4155 604 4197 e
630 4131 845 4222 scriptoribus
866 4131 1083 4222 Syracusanis
1111 4143 1144 4197 et
1165 4132 1348 4222 grammti-
1423 4165 1424 4200 t

260 4255 372 4298 eornm
401 4233 611 4302 testimoniis.
666 4233 836 4302 Nonnulla
863 4233 1044 4324 peculiaria
1073 4245 1129 4302 sut
1156 4257 1175 4300 a
1203 4233 1344 4324 vulgaris
1423 4227 1424 4252 ¹
