2862 4808
274 362 352 442 alo
536 359 570 454 §-
593 362 655 442 48.
709 365 767 440 Dc
792 363 943 440 mitiore
964 365 1115 442 Doride.

273 565 423 635 dadinus
451 579 486 634 et
516 567 677 636 sils'sdon.
733 569 906 638 Postremo
935 581 1087 640 numanus
1114 571 1358 663 praepositionis
1419 573 1420 586 ¹

273 671 346 754 nspl
365 669 539 738 elisionem
561 671 597 737 in
618 671 755 758 rse'podoo
776 673 800 738 l.
825 673 885 757 16,
920 673 1062 763 quaein
1084 675 1272 764 purioribus
1292 675 1361 742 lon·

272 773 364 842 tibus
384 773 519 842 Derieis
538 783 707 864 praeterea
727 797 795 842 non
816 774 989 864 reperitur.
1011 813 1053 827 -
1081 773 1150 842 vix
1170 801 1363 868 quemqnam

272 877 374 944 latere
405 887 580 968 putamus,
619 899 718 966 qaam
746 876 876 962 insigni
906 876 1004 943 modo
1037 901 1111 946 cum
1142 879 1199 948 illa
1229 880 1365 946 Doridis

273 979 385 1070 speeie
405 979 597 1069 conspirent
617 1001 674 1062 ea,
710 979 850 1068 quaein
877 978 1076 1046 carminibus
1098 979 1278 1048 Hesiodeis
1299 983 1365 1049 llo·
1420 1030 1421 1034 ,

271 1080 396 1148 eserico
417 1079 495 1148 naui
515 1079 649 1147 adversa
663 1079 704 1146 ad
717 1079 890 1147 Aeolicam
905 1081 1045 1148 Hesiodi
1065 1081 1227 1172 originem
1249 1085 1367 1151 rel'erri

272 1183 392 1250 solent.
438 1181 588 1267 Quorum
617 1182 683 1249 alia
708 1191 785 1248 sunt
805 1182 957 1249 omnibus
980 1183 1201 1251 Dorieusibns
1222 1209 1366 1254 cononan-

272 1285 349 1368 nia,
371 1295 409 1352 nt
428 1289 533 1368 μελιᾶν
547 1283 636 1376 0pp.
655 1283 718 1352 tlt
739 1293 772 1350 et
791 1287 872 1350 θεᾶν
884 1283 951 1352 Tb.
967 1287 1022 1372 ll,
1046 1286 1174 1354 dativus
1196 1295 1225 1352 ἵν
1245 1287 1289 1353 fr.
1304 1289 1366 1356 131

272 1385 399 1471 Gom„
432 1384 504 1452 idos
523 1385 588 1452 Tb.
612 1383 874 1464 suessionis,
906 1381 946 1465 ἦν
965 1411 1027 1478 pro
1047 1383 1131 1466 ἦσαν
1153 1388 1221 1456 rid.
1246 1391 1279 1472 ξ.
1302 1389 1364 1474 10,

271 1487 336 1556 alia
358 1487 474 1578 paucis
493 1487 646 1580 propria,
667 1497 705 1553 ut
724 1489 947 1578 correptiones
969 1491 1004 1556 in
1026 1488 1144 1574 euripis
1163 1490 1229 1556 Tb.
1242 1491 1287 1558 to
1300 1502 1363 1558 etc.
1421 1488 1422 1582 0

271 1600 306 1658 et
324 1589 407 1656 adeo
436 1589 610 1682 perticipio
639 1587 739 1667 dissic
759 1589 824 1656 Tb.
848 1589 909 1658 521
939 1591 1119 1658 secundum
1141 1590 1364 1660 Cboerobosci
1421 1593 1422 1602 ³

122 1720 128 1734 ·
271 1691 518 1776 testimoium,
551 1702 584 1760 et
611 1690 864 1782 praepositionis
892 1695 966 1777 περὶ
991 1693 1089 1760 elisio
1106 1692 1152 1760 ·in
1182 1697 1310 1781 περίαχε
1332 1707 1365 1762 et

271 1797 449 1882 περοΙχεται
470 1793 537 1860 Tb.
559 1793 635 1862 078.
657 1793 738 1873 733,
767 1807 934 1884 postremo
954 1794 1206 1886 praepositionis
1228 1797 1262 1860 is
1282 1820 1364 1862 usus

270 1917 332 1987 pro
355 1897 417 1975 sic,
450 1919 549 1988 quem
575 1895 612 1961 iu
634 1893 688 1974 irie
710 1895 874 1980 ἐγκάτθετο
895 1895 989 1974 νηδύν
1013 1895 1079 1962 Tb.
1101 1897 1176 1966 187.
1201 1897 1277 1966 890.
1300 1901 1363 1968 899
1422 1946 1423 1970 r

271 1997 496 2086 Goettlingius
516 2009 605 2066 recte
626 2019 807 2090 agnoscere
827 1999 978 2081 videtur3
1006 2021 1081 2064 uana
1100 2000 1191 2087 qnod
1211 2000 1254 2066 G.
1278 2001 1363 2069 Her·
1422 1995 1423 2038 ³

271 2123 411 2167 mannus
433 2109 547 2168 contu
574 2099 719 2184 monuit,
752 2099 884 2168 Atticos
912 2123 979 2166 non
1006 2099 1116 2167 minos
1145 2102 1304 2184 ἐμβάλλειν
1330 2113 1363 2168 et

271 2201 393 2270 similia
420 2201 601 2292 composite
628 2225 703 2268 eum
731 2202 915 2270 amusatioo
943 2202 1017 2270 sine
1048 2203 1292 2293 praepositione
1319 2208 1364 2280 εἰς

266 2303 431 2394 jungere,
463 2303 561 2372 uobis
589 2302 722 2395 quidem
749 2303 822 2392 ejus
853 2303 1106 2371 constructionis
1136 2305 1285 2396 exempla
1307 2307 1362 2372 de·

270 2416 382 2494 tegere
401 2429 468 2474 non
489 2405 640 2497 contigit.
694 2406 745 2473 Ea
776 2406 879 2496 igitur
906 2407 1016 2472 omnia
1044 2407 1080 2472 in
1109 2407 1199 2474 nnlla
1222 2408 1362 2476 dialecto
1423 2417 1424 2462 Ὗ

270 2508 447 2596 conjuncta
467 2507 670 2600 reperimus,
693 2519 917 2600 praeterquam
939 2508 974 2574 in
993 2507 1173 2597 Delpbica,
1196 2510 1305 2600 qualis
1325 2511 1363 2576 in

270 2610 401 2678 decreto
422 2607 483 2677 illo
495 2609 761 2700 Ampbictionico
776 2610 996 2701 conspicitur3
1017 2611 1172 2678 boeotiea
1192 2623 1281 2679 certe
1303 2636 1364 2702 ge·

271 2711 392 2779 uitiros
413 2712 449 2778 in
472 2715 510 2778 ἄν
529 2723 712 2780 contractos
734 2726 772 2780 nt
790 2717 870 2779 derio
884 2724 917 2780 et
930 2723 1145 2780 extremarum
1161 2713 1361 2802 syllabarum

270 2814 507 2906 correptionem
528 2813 717 2904 ignorabat,
740 2837 801 2882 noc
822 2825 949 2881 constat
970 2815 1011 2879 de
1028 2814 1270 2904 praepositione
1291 2819 1365 2898 sepi

269 2917 357 3006 apud
378 2915 521 2982 boeotos
540 2915 713 2983 elisionem
733 2939 841 3007 passa.
897 2917 1019 2982 Contra
1048 2915 1079 2982 si
1106 2939 1170 3006 qua
1197 2927 1274 2982 sunt
1295 2917 1361 2984 alia

270 3017 454 3085 Hesiodcae
483 3017 621 3086 dialecto
648 3019 800 3109 propria,
833 3041 918 3108 quae
938 3017 1135 3086 Lesbiorum
1164 3017 1270 3084 fuisse
1295 3019 1360 3085 rci-

269 3144 362 3204 mus,
385 3131 422 3186 ut
442 3121 619 3186 accusativi
642 3119 721 3206 ἄψιν
736 3119 824 3211 0pp.
841 3121 921 3198 426,
950 3117 1037 3186 Oode
1049 3120 1091 3185 l'r.
1109 3119 1152 3186 70
1173 3131 1214 3184 et
1222 3119 1359 3188 verbum

270 3217 651 3314 oirnpsOpp.681(b.
675 3222 692 3288 l
720 3221 752 3306 ἓ.
774 3224 877 3306 21,1
908 3231 941 3288 et
967 3221 1000 3305 §-
1023 3221 1086 3306 20,
1108 3221 1167 3308 4),
1200 3245 1239 3288 ea
1259 3223 1359 3288 conli-

268 3325 384 3392 denter
403 3325 444 3390 ab
466 3325 600 3414 antiqua
613 3323 817 3414 Delphorum
838 3323 954 3414 lingua
969 3323 1159 3410 abjudicare
1176 3347 1245 3390 uon
1266 3323 1356 3392 licet.

268 3426 441 3516 Quidquid
462 3435 569 3494 autem
591 3425 631 3492 de
659 3427 712 3492 bia
736 3427 958 3513 judicaveris,
988 3425 1144 3492 notabilis
1166 3437 1217 3491 est
1238 3425 1358 3494 Hesio·

268 3529 348 3596 deae
370 3530 502 3598 dialecti
523 3554 597 3596 cun
620 3529 782 3618 Delpbica
802 3551 983 3596 consensus
1003 3549 1109 3618 eoque
1129 3528 1249 3615 magis,
1270 3528 1359 3620 qnod

267 3631 407 3720 Pythiae
428 3632 570 3699 oraculis
592 3641 625 3700 et
636 3629 784 3697 Hesiodo
803 3629 999 3697 elocutionis
1013 3628 1242 3716 cognationem
1256 3653 1358 3720 qnan-

265 3733 342 3800 dam
363 3757 438 3802 esse
458 3733 683 3820 Goettlingios
704 3731 867 3798 intellexit
888 3731 998 3798 Praei.
1021 3756 1055 3821 p.
1078 3729 1175 3796 XIV.

350 3833 427 3907 Nori
459 3835 568 3902 minus
595 3834 791 3900 Pindaricae
822 3833 953 3910 dialecti
982 3857 1059 3924 pars
1092 3833 1134 3898 ad
1161 3831 1358 3920 Delpbieam

267 3935 413 4028 linguam
433 3935 606 4004 referenda
626 3957 702 4004 csse
722 3935 861 4002 videtur.
915 3935 979 4002 llla
998 3935 1086 4001 enim
1106 3959 1148 4000 ex
1170 3933 1359 4018 Homerica,

267 4038 428 4106 Lesbiaca
449 4051 483 4106 ct
502 4037 625 4106 Dorica
644 4037 690 4104 ita
710 4035 891 4128 composita
912 4049 982 4120 est,
1003 4047 1042 4104 nt
1061 4037 1140 4102 baec
1160 4057 1221 4125 pro
1242 4035 1360 4102 inum·

266 4149 376 4206 mento
396 4140 544 4206 babenda
566 4140 621 4207 sit.
670 4138 746 4206 dana
765 4163 842 4206 vcro
863 4137 1009 4206 linalinm
1031 4137 1230 4228 syllabarum
1251 4161 1359 4206 corre·

266 4240 354 4331 ptio,
387 4265 453 4334 qua
475 4247 571 4332 poite
599 4241 774 4333 aliquoties
794 4241 916 4326 utitur,
956 4251 989 4308 et
1008 4239 1209 4332 praepositio
1231 4241 1264 4304 ἐν
1285 4265 1360 4309 eum
