2862 4808
115 335 154 428 5.
170 337 233 416 50.
262 333 482 413 DeDoridis
494 359 672 436 &nerum
689 349 724 408 ct
741 335 948 434 specierum
960 336 1113 440 origine.
1143 339 1219 418 423
1253 328 1255 332 ⁷

607 609 641 694 §-
673 610 726 676 ιο.

221 776 283 828 lte
299 737 453 828 Boetius
471 789 655 840 generum
672 779 711 828 ct
728 777 938 842 specterum
957 778 1115 842 ormino.

205 951 241 1032 l)
264 948 490 1016 .Goncentom
511 973 584 1016 cnm
607 949 719 1016 Attica
738 948 874 1038 lingua,
897 973 961 1039 qua
979 947 1092 1016 mitius
1113 951 1212 1018 Dori‘·

107 1053 172 1121 dis
194 1074 300 1142 genus
320 1075 339 1118 a
361 1050 526 1118 severiore
551 1050 783 1138 distinguitur,
817 1075 884 1116 uon
911 1051 1052 1118 recentis
1073 1051 1212 1143 originis

108 1179 194 1224 ease
214 1177 322 1244 neque
343 1151 375 1220 ei
397 1151 561 1242 potentiae
591 1153 725 1236 deberi,
754 1177 851 1243 quam
879 1153 1132 1220 Atheniensium
1161 1155 1211 1222 iu·

110 1256 253 1347 genium
281 1254 388 1346 magis
416 1256 588 1345 magisque
614 1255 651 1321 in
679 1255 827 1344 reliquos
855 1255 998 1322 Graecos
1026 1257 1210 1342 exercebat,
1236 1251 1239 1258 ’
1358 1316 1368 1340 ,

110 1383 218 1451 snpra
230 1361 263 1443 ξ.
278 1358 323 1426 20
336 1355 423 1426 et25
445 1356 525 1424 satis
537 1357 794 1424 demonstratum
815 1367 877 1424 cst.
919 1355 1036 1424 Restat
1056 1369 1092 1424 ut
1113 1383 1211 1448 quae·

111 1485 249 1542 ramus,
270 1483 337 1550 quo
349 1469 495 1548 ternpore
509 1458 568 1526 illa
582 1459 719 1528 Doridis
735 1459 854 1526 divisio
872 1468 948 1524 ncta
963 1481 1037 1526 esse
1049 1459 1208 1527 rideatur.

111 1562 268 1630 Primum
295 1585 315 1628 a
342 1561 524 1628 recentiore
553 1572 587 1628 et
607 1561 791 1652 coguitiore
812 1571 915 1628 aetcte
936 1560 978 1626 ad
998 1562 1209 1629 vetustiorem

110 1676 149 1733 ct
170 1663 394 1732 obscuriorem
415 1662 670 1732 escendentibus
693 1673 867 1753 utromque
888 1661 1025 1730 Doridis
1046 1664 1210 1754 genesin

110 1765 391 1855 inscriptionibus
412 1777 563 1856 apparet,
587 1789 629 1832 cx
650 1789 717 1857 quo
738 1764 936 1856 diphthongi
956 1788 1003 1843 es,
1026 1790 1063 1832 oo
1083 1777 1118 1832 et
1137 1767 1209 1832 lon·

113 1891 178 1959 gae
204 1866 335 1935 vocales
365 1894 407 1946 η,
442 1892 487 1946 ω,
529 1891 596 1957 quo
624 1865 660 1932 iu
692 1867 766 1934 loco
793 1865 1027 1955 gravissimum·
1052 1891 1209 1957 generum

112 1969 295 2038 discrimen
322 1968 466 2060 pesitum
495 1981 568 2052 est,
603 1965 763 2060 scriptura
785 1966 946 2058 distingui
966 1979 1099 2058 coeptae
1120 1981 1208 2036 suut.

113 2069 380 2162 Antiquissimus
402 2069 539 2156 titulus,
569 2071 605 2136 iu
626 2092 693 2159 quo
714 2068 826 2136 mitius
849 2091 954 2159 genus
975 2070 1137 2156 cernitur,
1158 2083 1211 2140 est

113 2175 281 2242 decretum
301 2172 582 2262 Amphictyonum
602 2195 655 2237 nr.
674 2169 781 2254 1688,
804 2171 893 2260 qnod
915 2170 972 2236 01.
989 2171 1064 2256 10⁰,
1088 2173 1105 2238 l
1129 2172 1209 2239 scri·

112 2287 209 2370 ptum
238 2283 310 2359 est,
343 2273 490 2341 severius
516 2273 552 2339 iu
579 2272 686 2342 titulis
709 2271 850 2340 Creticis
880 2284 915 2338 ct
935 2271 1127 2362 Cyrenaicis
1155 2275 1209 2342 vel

113 2389 191 2470 post
209 2387 355 2444 nostram
375 2399 482 2443 aerem
514 2375 737 2465 conspicitur,
769 2373 962 2463 vulgaribus
991 2375 1106 2441 formis
1134 2398 1208 2442 raro
1356 2419 1362 2435 ,

114 2477 327 2548 intermixtis.
372 2475 547 2560 Quomodo
567 2479 689 2544 lectum
712 2476 775 2561 sit,
797 2487 834 2542 ut
853 2476 890 2542 iu
904 2475 1078 2544 Laconicis
1100 2475 1209 2544 titulis

115 2591 192 2674 post
212 2579 326 2648 ..2111
345 2579 460 2646 mitius
482 2601 588 2670 genus
608 2601 738 2644 omnem
759 2577 991 2670 proprietatem
1008 2577 1208 2645 Laconicum

116 2681 319 2776 propulerit,
350 2705 450 2772 supra
476 2684 508 2765 ἕ.
529 2681 594 2762 148,
616 2682 639 2748 2
665 2679 830 2770 explicere
853 2679 962 2746 conati
983 2703 1111 2746 snmus.
1166 2680 1206 2746 lu

117 2787 309 2854 uuiversum
329 2793 417 2850 tenu
439 2793 490 2850 est
512 2805 669 2872 generum
692 2805 774 2848 osus
788 2781 970 2848 constantia
992 2781 1027 2846 iu
1044 2780 1208 2848 variorum

116 2888 313 2978 populorum
333 2885 532 2952 Doricorum
553 2882 850 2972 inscriptionibus,
885 2895 921 2949 nt
941 2883 995 2950 sel
1015 2883 1093 2948 bine
1113 2882 1209 2950 intel·

116 2990 258 3080 ligatur,
281 2987 372 3054 illam
395 2985 591 3053 divisionem
615 2985 719 3052 multo
740 2983 956 3076 antiquiorem
978 3008 1063 3051 esse.
1118 2985 1211 3052 ldern

118 3092 238 3158 docent
257 3095 373 3180 potitae
385 3089 521 3172 Dorici,
544 3087 603 3178 qui
625 3111 666 3154 cx
689 3086 733 3152 iis
754 3087 941 3154 civitatibus
961 3086 1108 3171 oriundi,
1130 3111 1209 3176 qna·

118 3217 191 3260 rum
213 3189 455 3282 inscriptiones
482 3190 646 3258 mitiorem
675 3189 835 3256 Doridem
863 3188 1039 3278 praebent,
1072 3213 1110 3254 ea
1138 3190 1211 3277 ipss

119 3295 235 3386 quinto
256 3294 389 3360 saeculo
410 3292 464 3359 usi
485 3303 580 3371 suot,
606 3290 832 3382 ¹Epicharmus
860 3301 893 3357 et
913 3291 1066 3382 Sophron
1088 3289 1210 3373 Siculi,

117 3395 316 3463 Timocreon
336 3394 509 3480 Rhodios,
542 3393 662 3460 deiude
688 3392 928 3483 Aristophanes
956 3395 992 3460 iu
1020 3394 1212 3460 Acharnen·

118 3497 210 3566 sibus
231 3496 433 3589 Megaricam
456 3495 632 3562 dialectum
653 3494 821 3578 imitatos,
850 3519 948 3586 quem
969 3519 1012 3562 ue
1033 3493 1212 3585 suspiceris

115 3601 178 3666 boc
198 3600 235 3666 in
255 3600 330 3666 loco
343 3599 456 3665 Attica
475 3609 597 3665 temere
616 3597 856 3674 immiscuisse,
879 3596 1064 3664 Laconicae
1080 3596 1212 3662 dialecti

118 3702 154 3768 iu
181 3701 365 3791 Lysistrata
393 3699 609 3767 imitationem
638 3709 836 3788 comparato.
894 3698 950 3764 Ad
979 3697 1212 3789 Epicharmum

119 3815 154 3870 et
174 3802 380 3893 Sophrouem
401 3803 575 3869 retulimus
602 3801 796 3890 gravissima
817 3801 1100 3891 grammaticorum
1120 3799 1212 3866 testi·

120 3906 230 3974 monia
251 3906 292 3973 de
308 3903 517 3995 Syracusano
531 3907 653 3970 Μοῦσα
673 3915 707 3972 ct
726 3903 913 3993 antiquiore
934 3901 1058 3968 Dorico
1080 3903 1124 3978 εἷς
1144 3901 1211 3968 vid.

119 4008 153 4094 ἕ.
167 4007 229 4092 20,
252 4009 306 4075 12.
328 4031 370 4060 -‘-
401 4005 498 4073 Ultra
518 4005 668 4096 quintum
689 4006 856 4074 sacculum
878 4003 1050 4070 Alcmanis
1070 4003 1213 4072 carmina

121 4109 315 4180 severiorem
345 4108 505 4177 Doridem
535 4108 709 4193 exhibent,
748 4107 807 4175 sed
839 4129 910 4174 caro
938 4107 1047 4172 minus
1079 4129 1213 4196 puram,
