2894 4820
247 397 295 478 lt
583 400 616 494 §z
644 403 679 476 2.
733 405 791 478 De
816 399 1012 480 fontibus

370 605 869 695 Tahalae'lleraoleenses,
900 633 984 700 qnae
1004 622 1075 677 erat
1093 611 1230 678 Tarenti
1251 615 1337 680 colo·
1357 647 1365 658 ·

243 711 318 794 uia,
341 733 360 776 a
380 709 571 777 Mazoeehio
592 709 732 801 Neapoli
754 731 783 778 a.
808 713 892 780 1754
912 712 1035 798 editae,
1058 725 1230 804 postquam
1250 717 1336 804 l'rag·

241 821 386 878 mentum
416 812 452 876 in
485 809 687 878 Britanniam
719 813 860 879 delatum
883 814 954 900 jam
986 829 1081 881 autea
1112 841 1130 882 a
1159 815 1336 882 lllaittairio

240 911 367 1006 puhliei
387 913 474 1000 jorio
505 913 626 980 laetum
645 911 734 980 erut.
799 916 890 982 Inter
918 941 1031 983 omues
1058 917 1170 983 titulos
1200 918 1335 985 Graccis

241 1015 388 1082 dialectis
416 1015 617 1080 illustrandis
645 1017 780 1084 idoneos
811 1017 883 1084 sine
912 1020 980 1084 ulla
1000 1031 1207 1085 controversa
1229 1020 1336 1108 palma

241 1117 358 1205 dignae
389 1127 475 1182 sant.
531 1117 616 1184 Nam
644 1129 677 1184 et
707 1117 806 1209 ampli
835 1129 913 1184 sunt
938 1121 1078 1186 ambitus
1100 1131 1141 1200 ¹ct
1161 1120 1267 1186 facilis
1287 1121 1334 1186 le·

241 1217 381 1304 etionis,
403 1230 439 1284 ut
460 1215 623 1284 rarissime
645 1222 865 1306 conjecturam
887 1221 1089 1308 desiderent,
1112 1223 1261 1288 cthonae
1282 1245 1334 1288 ae·

239 1319 334 1403 tatis,
357 1320 479 1410 quippe
501 1345 584 1410 quac
607 1323 786 1387 secundnm
800 1323 1026 1390 hlaaocchinm
1042 1335 1181 1391 excunte
1203 1324 1333 1390 saeculo

240 1445 271 1488 a.
296 1421 375 1486 Chr.
401 1431 515 1511 quarto
537 1423 676 1511 scriptae
698 1422 784 1507 sint,
817 1424 959 1515 denique
987 1426 1028 1491 ad
1049 1426 1244 1494 severiorem
1264 1425 1334 1490 Do·

240 1524 344 1588 ridem
365 1523 588 1590 illustrandam
607 1523 811 1590 utilissimae.
858 1526 1011 1592 Ceterum
1027 1528 1126 1592 altera
1139 1527 1248 1593 tabula
1263 1526 1333 1593 Μι-

240 1624 374 1690 zoochio
393 1649 427 1714 p.
452 1624 513 1692 135
532 1625 645 1716 paullo
665 1626 828 1693 recentior
848 1627 995 1712 videtur,
1027 1650 1212 1718 quanquam
1233 1627 1333 1694 iidem

239 1726 276 1790 in
298 1737 433 1815 utraque
456 1729 580 1814 ὁρισταὶ
600 1726 820 1794 nominantur.
864 1729 949 1795 Nam
972 1731 1102 1796 inhanc
1124 1741 1157 1796 et
1170 1730 1333 1796 recentior

190 1901 193 1908 ¹
240 1829 470 1918 orthographia
505 1839 538 1930 εἰ
566 1829 679 1895 Attica
716 1829 874 1896 dialectos
912 1831 1085 1922 aliquoties
1115 1832 1329 1921 irrepserunt,

49 2841 220 3032 estitit

240 1953 323 2018 quae
345 1953 362 1993 a
385 1929 494 2018 priore
515 1929 639 1997 alienae
660 1941 757 2016 sunt,
780 1943 818 1998 nt
835 1934 963 2000 talama
983 1935 1040 2019 ll,
1059 1935 1114 2002 55.
1137 1933 1189 1999 57.
1205 1933 1260 2001 71.
1275 1933 1330 2016 75,

239 2033 323 2117 τρεῖς
345 2031 398 2097 15.
423 2029 474 2098 53.
497 2033 559 2118 7⁰,
587 2034 738 2119 τέσσαρες
758 2034 811 2119 ΙΙ,
834 2035 898 2122 50,
920 2034 1153 2123 τεσσαράκοντα
1173 2033 1233 2118 49,
1265 2036 1331 2098 δια·

240 2131 348 2200 adesos
368 2134 429 2216 35,
451 2109 550 2224 quoni
571 2135 607 2201 in
628 2136 737 2226 priore
757 2137 866 2202 tabula
887 2139 1009 2228 uhiqoe
1031 2135 1119 2203 etin
1141 2135 1241 2201 altera
1261 2133 1330 2226 ple·

240 2259 378 2324 rumque
399 2235 582 2303 scribantur
600 2241 731 2321 Γῖαατι,
759 2239 845 2323 τρῖς,
868 2241 1007 2323 τέτορες,
1028 2236 1236 2322 eupolemo,
1262 2242 1331 2302 δια-

239 2337 353 2403 atram.
406 2321 454 2402 ht
475 2337 510 2401 in
531 2339 658 2404 tahulm
678 2338 799 2428 prioris
820 2339 1000 2424 fragmento
1020 2337 1210 2402 Britannico
1239 2337 1264 2402 l.
1286 2339 1328 2404 ll

239 2436 438 2524 τετρακόσιαι
458 2438 577 2526 legitur
597 2461 658 2529 pro
678 2437 892 2522 τιτρααάτιαρ,
925 2437 1013 2527 quod
1033 2437 1069 2500 in
1090 2436 1227 2526 reliquis
1249 2439 1329 2504 scri·

239 2551 331 2632 ptum
359 2551 419 2608 est.
478 2538 573 2622 Quod
601 2563 642 2604 an
664 2563 737 2606 cum
758 2539 831 2606 aliis
852 2537 1021 2604 lllaittairii
1050 2537 1153 2637 errori
1174 2537 1328 2604 debeatur

240 2640 379 2709 dubitari
400 2649 526 2732 potest,
555 2663 627 2706 nam
648 2641 688 2706 de
709 2639 893 2707 Britannici
913 2639 1086 2729 fragmenti
1106 2639 1247 2718 lectione
1268 2642 1327 2716 mi·

239 2767 302 2810 nus
323 2755 411 2812 certo
432 2751 557 2808 constat
577 2764 671 2830 quam
692 2742 732 2808 de
753 2743 902 2834 reliquis.

366 2843 540 2934 Inscriptio
572 2843 608 2908 in
636 2843 823 2912 Bruttiis
856 2856 1002 2935 reperta,
1044 2867 1127 2936 quac
1161 2853 1211 2910 est
1242 2843 1328 2909 inter

239 2946 335 3014 Rosii
356 2946 590 3036 Inscriptiones
610 2943 855 3013 Vetustissimos
876 2969 910 3036 p.
923 2947 1019 3031 Vlll,
1042 2946 1172 3035 quarti,
1196 2945 1224 3010 si
1246 2945 1326 3036 quid

238 3049 352 3134 video,
374 3073 403 3114 a.
429 3049 508 3114 Chr.
532 3047 663 3114 saeculi.
706 3047 1116 3163 Paucorumssetiweerta
1137 3057 1197 3112 est.
1338 3095 1343 3106 .

323 3151 358 3231 8)
401 3149 582 3216 EDorieis
612 3149 746 3216 coloniis
779 3149 820 3216 ad
840 3149 1071 3241 Bosporum
1093 3161 1125 3215 et
1147 3149 1324 3214 Pontum

238 3251 446 3338 Euxinum
468 3247 540 3316 sitis
562 3251 658 3340 pauci
680 3247 764 3317 tituli
786 3253 921 3337 adsum,
945 3252 1029 3318 unde
1043 3275 1151 3317 eorum
1166 3251 1323 3316 dialectos

237 3354 391 3442 cognosci
413 3353 533 3444 possit:

362 3455 667 3544 Byzantiorum
705 3457 866 3522 decretum
895 3455 1011 3522 Olhiae
1041 3453 1184 3544 positum
1220 3449 1260 3517 C.
1292 3451 1320 3516 Ι.

236 3581 288 3622 nr.
311 3557 396 3624 2060
417 3557 579 3622 oTihcrii
599 3559 652 3624 vel
675 3557 841 3646 Caligulae
863 3569 1026 3649 tempore,
1050 3556 1144 3642 cujus
1165 3553 1321 3619 dialectos

236 3683 296 3747 pro
318 3657 441 3724 receuti
462 3670 562 3725 aetate
584 3671 616 3724 et
637 3683 697 3749 pro
718 3683 757 3726 eo
779 3661 865 3750 quod
885 3661 921 3726 in
943 3659 1023 3726 nrhc
1046 3681 1111 3724 nou
1125 3657 1246 3722 Dorica
1267 3678 1321 3718 ex·

237 3769 359 3824 aratum
382 3770 450 3837 est,
473 3761 551 3826 sotis
573 3785 653 3851 pura
674 3773 734 3827 est.

362 3861 680 3928 Chalcedonius
701 3863 813 3930 titulus
837 3865 922 3954 apud
937 3863 1059 3952 Caylos
1082 3862 1210 3926 Recueil
1232 3859 1319 3924 d'on-

178 4013 180 4017 ι
236 3969 366 4049 equites
386 3963 464 4028 Vol.
480 3963 513 4028 ll
535 3962 587 4030 Pl.
605 3965 665 4049 55,
693 3965 839 4050 dialecti,
869 3979 905 4032 nt
925 3989 1012 4032 nune
1034 3963 1164 4051 quidem
1187 3959 1318 4048 legitur,

144 4255 165 4328 ‘t

234 4089 347 4156 parum
367 4089 480 4156 purae.
668 4101 682 4139 a

360 4167 784 4236 Messomhriauoruru
810 4169 938 4236 decreta
966 4167 1005 4234 de
1038 4163 1192 4256 proxenia
1220 4161 1259 4228 C.
1290 4159 1318 4224 1.

233 4289 284 4332 na.
307 4247 417 4375 eost,
439 4269 472 4336 o.
496 4295 526 4337 ι.
668 4346 673 4364 ,
