2914 4820
264 403 315 480 bl
594 403 627 497 §.
653 405 689 481 ὅ.
742 403 799 478 De
824 401 1022 504 digamma.

351 609 387 686 8)
433 607 537 696 Saepe
558 606 645 697 apud
666 605 867 694 Hesychium
889 627 1004 682 voces,
1027 627 1107 694 quas
1130 603 1290 692 dipnnra
1312 605 1362 670 in·

228 730 232 742 ·
267 721 407 776 amuda·
436 708 559 794 tabu,
592 719 647 773 aut
675 719 798 774 certum
827 718 882 772 aut
908 705 1075 794 probabile
1097 717 1167 790 eat,
1197 703 1364 790 literam?

267 811 303 875 in
334 813 442 876 bonta
472 811 604 876 babent.
658 809 732 876 Jam
754 806 880 897 pridem
902 807 988 872 inter
1008 805 1121 870 doctos
1141 806 1229 872 viros
1249 806 1363 896 dispu·
1442 839 1443 888 ι

268 923 371 977 tatum
402 923 472 994 eat,
506 921 613 996 utrum
643 934 753 976 errore
775 909 915 998 quodam
936 907 990 974 vel
1010 907 1169 996 Hesyebii
1190 907 1243 974 vel
1263 907 1364 972 unius

269 1037 310 1080 ex
331 1013 392 1090 iis,
416 1035 498 1100 quos
518 1011 712 1099 exscripsit,
733 1035 794 1100 pro
817 1011 976 1098 digamma
997 1007 1113 1072 similis
1129 1009 1222 1074 litera
1237 1031 1365 1095 gamma

268 1124 397 1181 aaran
426 1113 493 1190 sit,
535 1137 575 1178 an
603 1113 762 1178 dialectos
780 1111 946 1202 'quaedam
973 1136 991 1194 y
1019 1133 1079 1200 pro
1109 1110 1268 1198 digamma
1288 1133 1365 1199 pro·

268 1213 477 1280 nuntiaverit.
533 1213 627 1279 Hanc
648 1213 835 1303 opinionem
856 1211 1037 1278 recentiore
1057 1222 1202 1308 tempore
1222 1211 1366 1299 amplexi

267 1326 347 1380 ‘sunt
376 1313 593 1380 Buttmannus
626 1314 736 1380 Lexil.
767 1315 799 1379 ll
831 1339 866 1404 p.
890 1315 949 1380 161
983 1323 1017 1378 et
1048 1312 1181 1378 Giesius
1211 1313 1252 1378 de
1283 1311 1363 1378 dial.

268 1416 367 1482 Aeol.
398 1439 432 1504 p.
455 1415 519 1482 293
539 1439 632 1504 seqq,
697 1415 826 1498 Quibus
854 1417 917 1480 boc
946 1414 1174 1500 concedimus,
1205 1414 1277 1480 tisri
1306 1435 1366 1503 po-

269 1517 394 1599 tuisse,
425 1527 462 1580 ut
482 1515 589 1604 aliqua
612 1516 755 1582 Graecae
777 1517 908 1606 linguae
930 1515 1087 1580 dialectus
1108 1515 1268 1603 digamma
1290 1515 1324 1580 in
1345 1542 1362 1599 γ

270 1627 429 1700 mutaret,
452 1615 548 1682 sicuti
569 1617 813 1683 Franco-Galli
834 1643 851 1682 e
874 1628 1038 1683 vastare
1060 1618 1208 1682 lecerunt
1228 1625 1366 1704 gtter3
1442 1683 1443 1706 χ

270 1728 414 1784 ceterum
434 1718 627 1784 contrariam
649 1717 839 1784 sententiam
861 1717 1048 1807 probamus.
1094 1718 1241 1782 Primum
1262 1717 1366 1800 enim,
1442 1771 1443 1806 p

181 1887 182 1890 ,
270 1817 343 1910 ipso
371 1817 485 1885 Giesio
513 1831 684 1902 mouente,
722 1819 838 1884 mirum
866 1830 975 1904 essct,
1007 1818 1043 1884 ni
1071 1813 1276 1906 Hesychius,
1307 1819 1367 1908 qui

270 1929 396 1986 tantum
417 1920 609 1986 'reconditae
640 1920 804 1987 doctrinae
832 1943 850 1984 c
879 1919 1026 1986 dialectis
1056 1919 1214 2002 servavit,
1261 1913 1366 2009 ipsids

271 2019 431 2109 digamma
460 2045 568 2110 neque
597 2021 715 2108 abjecti
745 2045 851 2110 neque
880 2021 915 2086 in
944 2021 1023 2086 alias
1045 2021 1157 2088 literas
1180 2021 1293 2086 mutati
1312 2045 1368 2088 ve-

270 2121 368 2211 stigia
390 2123 547 2212 quaedam
570 2133 715 2208 teneret3
760 2123 877 2188 deiude
906 2123 1081 2188 nemodum
1110 2123 1239 2207 docuit,
1270 2123 1368 2209 cujus

270 2223 402 2292 dialecti
422 2225 484 2290 ista
497 2223 640 2292 ,mutatio
671 2223 789 2306 luerit,
823 2235 855 2288 et
886 2223 1014 2312 glossae
1041 2223 1117 2308 illae
1139 2224 1368 2312 Hesychianae
1442 2223 1443 2230 '

269 2325 380 2412 potius
402 2325 602 2390 diversarum
624 2324 836 2389 dialectorum
857 2325 1055 2414 peculiarem
1073 2324 1216 2390 indolem
1229 2349 1307 2415 prae
1330 2351 1368 2392 se

183 2409 184 2414 ἵ
269 2423 398 2506 lerunt,
422 2424 518 2488 modo
539 2423 716 2490 Lesbiacae
736 2423 802 2492 vid.
825 2425 865 2490 L.
883 2426 899 2490 l
922 2426 954 2509 ᾗ.
970 2427 1002 2510 5,
1022 2429 1062 2511 2,
1085 2427 1181 2493 modo
1194 2427 1368 2494 Boeoticae

146 2519 148 2524 ¹
271 2523 338 2591 vid.
363 2523 444 2588 ibid.
470 2520 500 2612 ξ.
526 2525 586 2607 35,
608 2524 725 2608 modo,
754 2537 790 2590 ut
810 2551 886 2592 mox
907 2527 1116 2612 docebimus,
1139 2529 1300 2612 Doricae,
1323 2530 1368 2594 ita
1430 2601 1443 2626 ,=

271 2635 308 2688 ut
340 2624 470 2690 eaedem
504 2649 600 2692 voees
628 2626 791 2692 interdum
820 2653 838 2694 e
868 2629 1004 2696 diversis
1033 2629 1180 2695 dialectis
1211 2630 1368 2718 repetitae

271 2725 364 2806 siut,v
378 2735 415 2790 ut
434 2713 508 2812 γἰἀρ
530 2737 563 2792 et
583 2727 774 2794 Boeoticum
795 2733 886 2816 slep,
914 2730 1111 2796 Lesbiacum
1132 2733 1230 2816 γε’μμα
1251 2742 1285 2796 et
1305 2733 1368 2798 La·

273 2825 423 2892 conicum
444 2832 527 2911 νῆμα
550 2852 609 2917 pro
632 2831 720 2910 εἷμα,
758 2833 844 2913 γε’τος
865 2843 899 2896 et
919 2831 1116 2898 laconicum
1137 2835 1237 2917 γεἰορ.
1294 2833 1368 2900 Janr

270 2949 347 2994 vero
368 2951 474 3016 neque
496 2953 550 2994 cas
572 2929 727 2996 dialectos
756 2932 915 3021 digamma
943 2933 978 2998 in
1006 2947 1024 3017 y
1057 2945 1197 3000 mutasse
1227 2947 1367 3020 constat,

272 3051 381 3117 neque
402 3029 466 3095 alia
487 3031 644 3119 quaedam
666 3033 804 3120 cogitari
822 3045 946 3122 potest,
989 3047 1134 3123 quaest
1161 3037 1244 3101 banc
1265 3047 1367 3104 muta·

272 3127 394 3194 tionem
421 3131 587 3221 propriam
616 3133 766 3200 hebuerit
785 3145 819 3200 et
842 3136 1134 3202 diversissimarum
1155 3137 1368 3204 dialectorum
1442 3167 1443 3170 ¹

272 3239 404 3296 naturas
426 3231 645 3318 conjunxerit.
697 3234 868 3301 Praeterea
890 3250 1000 3304 notatu
1023 3239 1157 3328 dignum
1180 3250 1248 3322 est,
1279 3240 1369 3328 quod
1442 3235 1443 3240 ¹

272 3329 358 3396 nulli
378 3333 490 3398 barum
510 3333 691 3422 glossarum
713 3335 842 3402 dialecti
863 3338 1057 3426 significatio
1078 3340 1184 3406 addita
1205 3351 1265 3405 cst.
1304 3341 1368 3407 lta·

273 3453 338 3520 que
359 3431 492 3500 banstae
513 3435 665 3502 videntur
694 3461 712 3502 e
740 3436 899 3525 glossario
927 3439 1057 3530 aliquo,
1089 3441 1176 3531 quod
1206 3441 1368 3508 variarum

273 3531 484 3600 dialectorum
516 3559 613 3602 voces
650 3538 787 3627 originis
819 3540 926 3607 indice
956 3565 1023 3607 non
1055 3541 1164 3607 addito
1196 3553 1367 3630 congestas
1442 3593 1443 3618 ι

273 3631 458 3723 praebebat.
506 3636 605 3720 Quod
624 3662 700 3704 vero
722 3663 778 3705 eae
800 3639 928 3728 glossae
949 3643 990 3707 ad
1011 3642 1136 3711 literam
1158 3643 1315 3710 initialem
1341 3655 1375 3710 Γ

273 3731 391 3798 relatae
414 3747 509 3820 suut,
545 3739 617 3824 ejus
639 3765 735 3830 quero
757 3741 942 3832 Hesychius
964 3744 1138 3834 exscripsit
1158 3745 1267 3834 potius
1289 3769 1367 3812 con·

274 3833 349 3901 silio
371 3859 467 3923 quana
488 3861 597 3904 errore
620 3843 738 3907 lactum
760 3842 898 3910 videtur.
945 3843 1013 3929 Qui
1034 3869 1133 3936 quum
1155 3845 1274 3912 dubius
1290 3848 1367 3915 bae·
1442 3885 1443 3894 ι

249 3944 376 4031 reret,
406 3961 504 4026 quem
524 3940 632 4006 locum
653 3943 817 4010 obsoletae
840 3945 951 4010 literae
973 3946 1059 4012 inter
1079 3947 1222 4037 reliquas
1244 3947 1366 4014 tribue·

272 4045 343 4120 ret,
375 4037 461 4103 baud
482 4041 584 4107 multo
606 4043 778 4109 absurdius
800 4069 926 4132 gamma
947 4057 980 4110 et
1000 4049 1159 4138 digamma
1180 4049 1366 4138 promiscua

272 4135 391 4202 babere
414 4141 600 4226 constituit,
630 4168 726 4234 quam
748 4145 805 4237 qui
828 4145 862 4210 in
883 4151 1074 4216 vernaculae
1096 4151 1226 4240 linguae
1248 4151 1364 4218 lexicis

272 4247 345 4304 oet
366 4235 400 4316 d,
421 4262 438 4308 o
459 4255 492 4308 et
514 4242 550 4328 d,
572 4266 591 4314 u
614 4257 647 4312 ct
667 4243 687 4316 t't
710 4247 810 4314 simili
830 4248 954 4315 ratione
976 4252 1191 4341 conjungat.
1244 4253 1364 4321 Postea
