2888 4818
252 431 329 508 230
632 429 690 500 De
715 421 963 498 declinatione.

254 639 353 704 sevit.
397 631 788 725 Epicharmil'rugnrentu
810 629 900 696 illum
932 627 1034 695 solum
1066 627 1227 708 offerunt,
1259 623 1347 690 l'r.9

255 742 395 824 ῥίνεσσι,
442 736 504 803 156
538 734 819 820 γυναισάνδρεσσις
864 731 951 821 opud
985 727 1188 820 Sophronem
1227 727 1268 791 lr.
1301 725 1347 793 99

255 853 306 906 est
337 837 637 925 τρηματιζόντεσσι,
680 835 767 926 opud
805 832 1038 900 Archimedem
1075 831 1207 919 longior
1242 828 1346 894 formu

99 947 107 954 '
254 941 402 1008 breuiore
433 938 636 1028 frequentior
663 947 733 1022 est,
774 947 811 1000 ut
840 934 880 1000 de
908 935 986 1001 llel.
1018 957 1052 1024 p.
1083 933 1147 1000 217
1178 929 1348 1012 κομισθέν-

255 1067 364 1120 troes,
397 1067 430 1132 p.
459 1040 524 1109 221)
552 1037 809 1120 διαστημάτισσιν
842 1024 947 1122 (node
978 1035 1123 1126 corriges
1154 1031 1376 1126 deuotione--

258 1169 307 1213 σιν
337 1168 372 1234 p.
395 1143 469 1212 253.
492 1143 589 1232 251),
628 1140 732 1206 Aren·
761 1163 794 1228 p.
817 1139 877 1205 331
910 1129 1265 1214 κεκοινωνηκότεσσισί
1291 1157 1348 1214 με·

255 1243 535 1328 ταλελσβηκότεσσι
559 1253 621 1308 ete.
677 1241 778 1332 Apud
805 1237 1032 1328 Thucydidem
1063 1237 1107 1320 V,
1135 1236 1178 1304 79
1205 1237 1349 1318 πολίεσσι

257 1359 308 1415 est
327 1348 362 1413 in
384 1345 482 1412 bonis
503 1344 618 1422 libris,
641 1344 729 1410 nude
751 1343 895 1432 corriges
916 1343 1034 1405 nollem
1045 1339 1089 1416 V,
1101 1337 1154 1404 77.
1199 1335 1347 1403 Pseudo·

257 1447 456 1539 Pythagorei
478 1446 613 1514 eundern
643 1447 780 1511 formem
808 1443 1037 1534 frequentant,
1072 1451 1107 1504 ut
1127 1439 1288 1528 Archytss
1311 1439 1346 1504 in

259 1549 352 1617 Stob.
385 1547 502 1619 Flortt.
531 1549 566 1634 1,
589 1549 644 1616 74.
672 1547 715 1614 79
745 1545 910 1624 πάντεσσι,
945 1543 1016 1624 111,
1045 1541 1087 1609 76
1113 1541 1346 1626 laudandusque,

260 1650 513 1738 ἇσροαμάτεσσι,
548 1649 780 1736 πραγμάτισσιν
809 1659 872 1714 ete.
927 1645 1024 1712 flend
1055 1669 1128 1710 roro
1158 1645 1293 1710 altorum
1328 1667 1349 1708 σ

259 1754 417 1820 omissum
439 1761 507 1830 est,
530 1764 567 1817 nt
586 1749 771 1832 uuordmot
791 1749 899 1832 CXV,
921 1749 983 1831 27,
1007 1747 1197 1832 &peperisses
1218 1745 1347 1828 XLVI,

258 1857 298 1923 61
317 1865 402 1935 eto,
424 1877 507 1944 qnse
529 1875 596 1919 nou
614 1851 722 1918 minus
743 1849 825 1917 lelsu
847 1862 923 1918 sunt
945 1873 1041 1941 quum
1060 1847 1258 1931 μαθημάτεσι
1281 1847 1347 1932 111,

258 1955 321 2040 76,
354 1955 407 2021 uui
429 1979 516 2021 nuno
537 1977 555 2022 e
577 1953 648 2022 uod.
672 1955 703 2018 A
725 1954 860 2020 alterurn
884 1977 904 2018 σ
924 1951 1071 2018 recessit.
1128 1950 1230 2016 lleete
1251 1950 1348 2015 etirrn

259 2059 380 2125 uotlsoa
400 2057 499 2124 Piod.
526 2057 624 2146 Pylo.
647 2055 734 2138 vlt,
755 2055 778 2122 9
799 2079 817 2119 ι
838 2053 1005 2121 Boeelrlrio
1026 2053 1210 2120 demnatum
1233 2065 1293 2118 est.

342 2159 383 2226 ln
414 2159 536 2226 tabulis
568 2157 846 2225 Heracleensibus
877 2155 1060 2222 terminatio
1097 2147 1246 2241 ασσι(ν)
1278 2153 1350 2220 sols

260 2261 438 2349 reperiturr
462 2260 604 2325 ἔπασσιν
625 2259 661 2344 1,
684 2258 726 2324 56
746 2282 806 2347 pro
830 2253 919 2336 οὖσι,
941 2255 1193 2342 ὑπαρχόπασσιν
1213 2257 1249 2340 1,
1272 2256 1348 2334 127,

260 2360 498 2446 πρασσόπασσι
520 2362 557 2444 l,
581 2360 662 2443 11⁰,
694 2360 879 2426 ποιόντασσι
897 2359 980 2444 1,2
1010 2357 1065 2441 (de
1095 2386 1113 2423 ν
1142 2360 1244 2440 ioris.
1273 2357 1351 2424 vide

261 2461 471 2548 δ.10,12).
503 2503 545 2514 -
586 2461 660 2529 Jum
690 2461 811 2550 igitur,
844 2485 947 2552 quom
976 2459 1011 2525 in
1039 2460 1147 2526 titulis
1167 2459 1351 2526 Atmntri

260 2575 396 2630 oetatem
417 2563 646 2654 superantibus
669 2563 738 2630 sols
759 2563 891 2652 longior
910 2562 1096 2628 terminatio
1119 2583 1196 2626 σσσι
1212 2561 1262 2626 vel
1279 2583 1352 2626 εσσι

261 2665 459 2756 reperietur,
482 2687 589 2753 neque
611 2663 706 2730 aliter
726 2663 813 2752 epod
828 2665 1080 2753 Epicharmum,
1102 2663 1250 2730 dubitare
1271 2661 1352 2730 lieet

261 2791 303 2832 un
334 2765 463 2832 brevior
491 2765 675 2832 terminatio
705 2791 738 2830 σι
769 2765 950 2832 recentiore
980 2765 1109 2830 demum
1138 2775 1283 2856 tempure
1313 2763 1350 2832 in

260 2865 419 2934 Doridem
452 2867 579 2934 invectu
608 2879 640 2932 et
659 2869 764 2953 χερσίν
784 2867 871 2956 opud
892 2865 1096 2958 Sophronenr
1117 2889 1176 2956 pro
1198 2879 1352 2956 corrupto

260 2969 444 3035 habendum
473 2968 528 3034 sit.
585 2968 652 3036 Sed
681 2991 781 3058 quoru
811 2983 947 3058 nmque
974 2969 1159 3035 terminatio
1176 2969 1245 3055 jum
1267 2969 1352 3034 snti-

262 3067 434 3160 quissinris
455 3069 655 3159 temporibus
677 3071 763 3159 opud
778 3069 919 3138 Graecos
940 3069 976 3135 in
997 3095 1058 3136 osu
1078 3072 1178 3136 luerit
1199 3083 1231 3135 et
1249 3093 1352 3161 quum

261 3171 385 3236 Aeoles
407 3193 537 3260 quoqne
559 3182 694 3260 utreque
716 3172 830 3238 eodem
851 3183 996 3262 tempore
1017 3172 1070 3236 nsi
1092 3173 1177 3254 sint,
1197 3171 1263 3237 vid.
1277 3171 1351 3238 Iol

261 3271 294 3355 9.
317 3241 375 3386 231
393 3271 436 3356 3,
459 3272 637 3363 quidquam
658 3273 814 3339 affirmare
836 3297 903 3339 non
925 3273 1094 3338 nudemus.

346 3374 517 3440 Postremo
539 3375 574 3439 in
596 3374 692 3440 titulo
714 3373 877 3464 Delphico
899 3398 950 3439 nr.
974 3375 1076 3458 1693,
1109 3375 1134 3441 1.
1156 3373 1188 3440 3.
1211 3375 1233 3440 7
1261 3386 1294 3440 et
1314 3375 1351 3440 in

262 3473 432 3542 simillimo
454 3475 568 3541 Rossii
589 3501 640 3542 nr.
657 3475 712 3559 67,
732 3476 757 3542 l.
783 3475 834 3542 13.
857 3475 899 3542 25
920 3477 1076 3565 leguntur
1096 3475 1197 3542 dativi
1220 3475 1353 3558 ἀγῶνοις

262 3588 295 3640 et
316 3575 578 3661 ἐντυγχανόπσις,
611 3577 645 3642 io
668 3576 733 3643 olio
754 3577 937 3667 Delphico,
966 3601 1067 3668 quen
1088 3576 1192 3644 edidit
1213 3577 1351 3644 Curtius

261 3676 352 3743 Mus.
375 3676 483 3743 eren.
506 3677 592 3744 Nor.
623 3679 655 3743 11
683 3703 716 3768 p.
742 3679 804 3744 114
823 3680 980 3760 Aomdum
999 3703 1058 3769 pro
1080 3683 1256 3762 Λαμιεῦσι,
1277 3685 1352 3745 Λα-

262 3779 402 3860 μιέεσσι,
426 3789 458 3844 et
480 3777 514 3844 in
535 3777 729 3844 Aetolorum
753 3780 794 3845 ud
815 3780 965 3848 Milesios
987 3781 1144 3870 epistole,
1167 3780 1264 3867 eujus
1287 3781 1351 3848 ini·

262 3879 344 3944 tium
375 3880 515 3958 servavit
551 3878 787 3970 Aristophanes
822 3881 1050 3968 qrsmnretieus
1083 3881 1168 3971 opud
1199 3881 1350 3950 Eusuttr.

263 4003 298 4068 p.
321 3979 408 4062 279,
430 3981 492 4063 41],
523 3979 698 4066 γερόποις,
728 3991 892 4072 postremo
912 3981 1111 4065 παθημάτσις
1133 3983 1169 4049 in
1191 4007 1287 4050 versu
1309 3981 1351 4048 ab

263 4080 377 4146 eodem
398 4080 618 4170 Aristophane
637 4081 752 4167 allato,
783 4105 880 4171 quem
902 4085 1019 4151 cornici
1044 4084 1214 4170 eujusdam
1236 4092 1354 4176 poilee

263 4205 335 4246 esse
364 4181 526 4247 homiuem
548 4183 703 4248 Aetolum
735 4183 921 4252 inducentis
950 4186 1137 4254 Meinelrine
1165 4187 1354 4277 suspieulns

263 4293 314 4346 est
339 4280 464 4346 Corum.
496 4283 544 4347 tv
574 4309 607 4373 p.
629 4285 704 4351 626.
761 4285 836 4352 Jurn
868 4289 997 4377 egimus
1027 4289 1068 4357 de
1099 4288 1262 4378 singulari
1295 4289 1353 4356 ills
