2888 4818
438 405 469 496 §.
494 405 553 482 23.
606 407 662 479 De
684 403 847 480 diaecesi.
1121 406 1193 486 193

102 606 190 698 quod
212 607 391 676 Pindarum
421 633 440 676 e
467 607 593 676 Doride
622 607 755 675 duxisse
782 619 918 676 teststnr
936 608 1128 676 Eustrtlrins
1158 635 1192 700 p.

102 707 153 775 20.
199 707 376 778 Direresin
397 712 531 796 ἕϋμαρεά
552 709 750 800 Epicharmo
771 709 996 776 concessimus
1017 711 1060 778 ir.
1083 711 1136 780 23.

69 887 73 895 ,
183 835 221 914 2)
264 835 464 924 Plerumque
493 835 650 902 dicereris
678 836 769 902 notio
799 835 895 902 etiem
922 835 1020 904 letius
1051 837 1197 904 extendi-

101 945 171 1020 tur,
208 947 246 1000 nt
266 938 375 1028 omnis
397 935 668 1026 comprehendet,
707 959 939 1030 quaecunque,
974 961 1073 1028 quum
1096 939 1197 1030 vulgo

101 1037 353 1124 comedentur,
384 1038 419 1104 in
451 1039 599 1106 dialectis
633 1040 763 1106 roceles
795 1063 861 1104 non
890 1039 1083 1126 conjunctas
1105 1041 1198 1106 exlri-

100 1137 193 1204 bont.
247 1139 410 1230 Pleraque
432 1143 505 1229 ejus
526 1140 678 1230 generis,
705 1139 845 1230 quaein
868 1141 1050 1232 sntiqniore
1072 1141 1198 1208 Doride

101 1239 329 1329 reperiuntur,
372 1242 459 1306 inire
493 1241 772 1307 commemorande
807 1241 981 1325 ducimus,
1025 1267 1125 1332 quum
1158 1243 1199 1308 de

101 1341 343 1427 connectione,
377 1344 417 1408 de
440 1343 657 1410 declinatione
679 1355 712 1408 et
733 1344 774 1408 de
795 1345 1028 1434 conjugatione
1048 1367 1196 1434 egemus.

100 1439 198 1508 Nunc
220 1444 327 1510 varin
347 1445 519 1511 rocelinnr'
531 1444 798 1530 conjunctiones,
818 1469 915 1535 -qnec
943 1447 1044 1535 vulgo
1072 1457 1198 1511 contre·

100 1546 243 1612 ctionem
266 1547 457 1634 postulent,
489 1547 727 1634 perlustrantes
756 1545 870 1634 pnncis
891 1545 1133 1631 indicabimus,
1170 1545 1198 1612 si

100 1669 183 1736 qnee
206 1647 294 1736 opud
315 1645 497 1714 Dorienses
518 1671 585 1713 non
606 1649 891 1713 contrahentnrz··

186 1799 249 1852 αε,
274 1797 355 1854 css,
379 1803 445 1854 αη,
470 1803 516 1864 αῃ
539 1777 575 1842 in
597 1775 832 1865 conjngstioue
854 1799 1020 1866 nnnqnsm
1038 1801 1103 1844 non
1123 1801 1199 1843 eon·

100 1879 294 1962 uehuntur,
327 1877 395 1944 vid.
421 1881 453 1963 §.
475 1880 530 1947 24.
584 1877 659 1944 Non
684 1877 873 1944 coalescunt
895 1877 1025 1944 vocales
1048 1879 1083 1944 in
1107 1882 1200 1944 δαε-

101 1979 188 2058 to'c,
224 2003 291 2069 qno
313 1977 463 2070 Soplrron
487 1978 667 2046 secundnm
689 1978 744 2044 Et.
768 1979 816 2044 tt.
840 1978 922 2062 246,
945 1979 986 2046 35
1017 2003 1077 2068 pro
1107 1980 1200 2056 dolie

103 2103 184 2148 nsns
207 2092 279 2166 est,
303 2093 335 2148 et
358 2079 492 2159 rioldus,
530 2092 567 2145 nt
587 2079 729 2170 Lysistr.
755 2080 858 2162 1243,
893 2103 977 2170 quse
999 2103 1095 2146 voces
1119 2082 1200 2146 nnti-

103 2184 215 2274 qnitns
239 2181 400 2271 digemmr
421 2182 631 2248 intersertum
653 2181 827 2249 habebunt.

189 2335 256 2386 oo,
291 2336 376 2394 cor,
399 2334 503 2408 ¹oron,
535 2335 588 2372 αω
617 2309 652 2374 in
675 2307 893 2376 declinatione
915 2319 947 2376 et
969 2309 1201 2401 conjugatione

103 2436 237 2503 semper
258 2411 463 2496 coalescunt,
486 2411 680 2500 plerumque
702 2412 736 2476 in
758 2411 917 2502 reliquis,
940 2411 1007 2478 rid.
1032 2413 1064 2496 ᾗ.
1087 2415 1140 2480 24.

189 2563 234 2604 ια
264 2539 298 2604 in
321 2537 540 2604 declinatione
561 2535 655 2602 tertis
678 2537 774 2604 modo
798 2538 1051 2606 contrectionem
1072 2541 1201 2630 potinu-

102 2653 177 2725 tnr,
201 2640 300 2708 modo
321 2663 388 2706 nou
411 2639 619 2722 coalescunt,
642 2637 710 2704 vid.
726 2637 759 2720 §-
771 2639 825 2706 30.
869 2638 944 2706 Non
968 2647 1203 2712 conushnnsnr

102 2743 239 2810 nomine
261 2741 297 2806 in
320 2765 356 2806 eo
378 2740 580 2823 desinentis,
610 2751 646 2804 ut
667 2741 770 2821 φακεά
791 2739 911 2829 Epion.
938 2743 991 2820 17,
1023 2747 1114 2808 conlo
1136 2746 1202 2814 lle·

101 2845 185 2910 rrcl.
210 2845 246 2922 l,
269 2845 312 2910 24
340 2865 399 2930 pro
424 2847 513 2925 φακῆ
534 2853 568 2908 ct
590 2845 681 2919 συκῆ.
726 2843 765 2906 ln
788 2842 957 2908 nonnullis
977 2845 1113 2914 vocibus
1133 2847 1202 2914 Do-

102 2945 150 3010 ris
175 2953 290 3010 contre
312 2944 458 3034 vulgaris
481 2945 614 3033 lingone
637 2967 731 3010 nsnm
755 2944 939 3026 contrslrit,
962 2955 998 3010 nt
1020 2952 1122 3034 κρῆς
1144 2973 1203 3037 pro

102 3049 204 3132 κρέας
224 3043 385 3112 Doricum
407 3069 480 3112 esse
502 3045 641 3110 truditur
662 3069 680 3110 s
702 3043 863 3134 Gregorio
891 3069 923 3134 p.
945 3047 1030 3134 235,
1064 3071 1082 3114 c
1104 3050 1203 3118 diale-

103 3161 157 3214 cto
195 3151 330 3214 rllertnr
358 3147 398 3212 eb
419 3145 565 3214 Arcadio
593 3171 627 3236 p.
653 3147 778 3229 120,9
810 3159 842 3212 et
870 3147 1087 3236 Tlreognosto
1116 3151 1202 3220 Oxx.

102 3251 159 3329 ll,
185 3249 271 3330 135,
295 3249 336 3332 2,
366 3259 398 3314 et
418 3247 542 3336 legitur
562 3249 706 3314 Acheru.
729 3247 810 3328 701,
843 3273 908 3338 quo
931 3261 1056 3338 spectet
1079 3251 1204 3344 Grego-

102 3353 200 3430 rius,
236 3348 356 3440 Sophr.
381 3349 441 3430 51,
475 3348 616 3415 Theocr.
640 3349 722 3428 1,6
754 3359 786 3414 et
807 3355 901 3432 κρῆ,
937 3353 1024 3440 quod
1046 3351 1203 3422 Doricum

102 3477 180 3520 esse
205 3475 263 3542 pro
286 3451 364 3535 κρέα
387 3451 517 3516 ιηάιιιιῐ
536 3450 571 3518 J.
590 3450 648 3518 Gr.
672 3451 802 3530 2435,
826 3450 885 3518 Gr.
905 3451 944 3518 G.
967 3453 1043 3537 359,
1064 3455 1201 3524 Meerm.

102 3555 192 3636 659,
225 3576 411 3642 quenquam
439 3555 516 3636 κρέα
546 3552 704 3642 scriptum
730 3563 816 3618 extet
843 3553 961 3642 Epich.
985 3555 1046 3640 823
1081 3545 1203 3644 βλήρ,

103 3679 174 3746 qno
198 3655 338 3720 Alcman
361 3677 442 3720 nens
464 3664 515 3719 est
536 3679 595 3743 pro
619 3655 745 3739 δέλεαρ,
767 3654 836 3744 nid.
858 3655 901 3720 L.
925 3655 942 3720 1
971 3655 1004 3738 ξ
1027 3657 1049 3723 0
1078 3671 1146 3724 not.
1170 3661 1203 3744 5,

103 3755 229 3822 deinde
261 3757 390 3834 deluso,
424 3754 515 3844 qnod
536 3755 713 3822 Theocrito
736 3755 841 3838 xxi,
866 3757 907 3823 10
936 3757 1099 3844 probabili
1127 3784 1204 3826 con·

100 3859 235 3945 jeetnrr
255 3858 440 3924 restitutum
462 3868 532 3938 est,
555 3857 655 3944 δέλῃτι
676 3857 763 3947 rpnd
781 3857 1003 3946 llcsyclsicm,
1027 3861 1115 3948 quod
1133 3861 1202 3946 jorn

103 3959 268 4026 Doricum
290 3959 440 4039 videtur,
474 3955 611 4034 δελήτιον
632 3957 752 4046 Sophr.
775 3957 840 4042 20,
876 3982 958 4048 quse
980 3983 1043 4026 vox
1064 3986 1202 4028 courme-

104 4071 254 4128 moretur
285 4061 382 4127 etism
414 4059 454 4125 sb
487 4057 660 4126 Enstrthlo
693 4061 796 4142 1721,
826 4061 842 4124 1
878 4070 910 4124 et
942 4059 1108 4150 Hesychio
1140 4067 1200 4140 (cl.

105 4161 231 4248 φρὴτια
262 4163 297 4228 in
325 4161 424 4228 titulo
445 4159 586 4226 Acrsnsi
618 4185 668 4226 nr.
692 4160 749 4244 3)3
782 4160 939 4238 ἀλήτων
968 4183 1028 4250 pro
1059 4162 1205 4228 citerdrose

105 4265 147 4328 slr
171 4263 279 4348 ἄλειαρ
302 4264 449 4330 Rhintlro
470 4261 558 4351 opud
579 4261 701 4328 Athen.
723 4262 772 4328 Xl
795 4287 828 4352 p.
851 4261 922 4328 5⁰0.
945 4263 993 4346 l.,
1024 4259 1072 4348 ἦρ
1093 4263 1201 4328 Aleos.

150 4391 201 4456 11.
965 4389 1006 4456 13
