2844 4806
420 388 480 468 nt
502 393 667 472 uorum
692 364 916 471 minutum.
1010 466 1014 475 ,
1135 397 1214 474 ooo

118 623 226 696 acque
246 601 335 669 enim
357 601 456 669 facile
477 602 635 670 mficulus
656 601 776 668 ehesse
795 613 923 692 poterat
943 613 976 666 et
992 602 1017 668 l.
1037 600 1080 668 65
1093 603 1218 692 legitur

124 707 358 773 OJAEOPOI
373 704 398 770 i.
416 728 446 772 e.
463 709 493 772 el
514 706 547 770 dd
569 703 652 790 ὅροι.
689 701 826 770 Titulus
848 701 1031 794 Elyritte
1053 726 1104 771 nr.
1117 705 1216 791 2561,

119 810 140 875 d
164 809 341 878 eevuioris
361 807 511 875 Doridis.
549 803 685 895 Titulus
708 826 759 872 nr.
783 807 889 892 2556,
914 807 972 896 qni
993 829 1063 874 non
1083 807 1217 875 hlinme

120 897 181 979 seu·
199 911 344 1002 Aprem
365 915 516 1000 apes„
536 919 605 994 est,
635 934 654 976 e
676 909 826 997 rnnnjr
855 911 1045 1002 epompio
1064 911 1223 979 enneae

118 1015 186 1081 tior
214 1013 323 1080 editur
353 1013 443 1080 Add.
478 1037 511 1104 p.
548 1013 642 1080 1101.
702 1011 922 1079 Confirmatnr
955 1035 998 1078 eo
1029 1014 1217 1110 apographo

118 1116 220 1184 lectio
242 1115 350 1201 εἰρὴνα
373 1115 514 1182 elidem
535 1114 661 1205 legitur
682 1137 734 1182 nr.
751 1115 848 1200 2501,
865 1115 891 1180 h
911 1115 999 1181 Add.
1023 1137 1085 1182 nec
1107 1115 1219 1181 minus

119 1220 156 1284 in
186 1214 289 1285 titulo
316 1215 460 1285 Gumaeo
490 1239 542 1282 nr.
571 1217 678 1302 21123,
713 1218 771 1282 nhi
803 1217 841 1284 ll.
876 1217 985 1299 εἰράνα
1017 1215 1236 1289 correxerat(

118 1321 229 1404 Quare
248 1335 365 1388 rerem
387 1340 476 1386 nunc
499 1341 574 1386 cnm
595 1317 763 1388 Boschhio
786 1338 833 1387 mr
849 1317 950 1386 Doris
972 1331 1005 1386 et
1026 1321 1148 1386 Aeolis
1166 1341 1217 1386 re·
1253 1388 1258 1397 ,

117 1423 264 1490 centiore
284 1428 472 1516 tempsrdn
494 1423 530 1487 in
553 1443 590 1487 ea
613 1440 692 1487 voce
714 1422 950 1509 prohmerint!
984 1421 1164 1488 Priansmn
1185 1430 1224 1492 ί
1306 1481 1309 1490 .

117 1520 276 1594 Praeeum
304 1523 434 1594 diues
459 1521 579 1612 oppido
601 1545 695 1606 esse,
737 1521 826 1616 quod
849 1523 1006 1612 suspicati
1029 1545 1159 1590 eramus
1181 1545 1216 1611 p.

118 1625 199 1712 105,
222 1618 309 1693 dunc
332 1624 492 1710 Psshtejo
511 1634 646 1690 anctore
667 1621 855 1690 Boeckhius
877 1625 1043 1691 intellexit
1063 1650 1097 1714 p.
1122 1621 1216 1692 1100.
1247 1682 1255 1696 .
1284 1669 1307 1682 ..

201 1730 377 1811 Postremo
402 1728 437 1813 in
460 1723 633 1794 Welcheri
664 1734 696 1790 et
716 1721 894 1790 Ritschelii
916 1725 1034 1794 hlnseo
1055 1725 1226 1799 llhuano.
1294 1739 1310 1750 “’

117 1829 196 1895 Vol.
219 1829 253 1894 ll
275 1853 309 1919 p.
335 1824 398 1894 5⁴4
420 1851 514 1918 seqq.
538 1825 728 1894 Ulrichsiue
757 1825 860 1892 edidit
882 1851 941 1894 sex
964 1827 1079 1894 titulos
1100 1825 1218 1894 Titho-

116 1954 230 1999 renees
253 1930 360 1996 eidem
380 1927 484 2018 lapidi
507 1929 707 2019 inscriptos,
730 1920 922 2019 qnos'circa
938 1927 1066 1996 Nervae
1080 1939 1217 1996 aetatem

117 2041 266 2100 exaratos
289 2055 363 2098 esse
381 2031 522 2117 judicat.
555 2029 633 2096 lino
654 2043 762 2097 tanmn
783 2032 930 2122 priores,
954 2031 1085 2124 siquid
1106 2029 1217 2115 video,

116 2136 284 2226 aliquanto
313 2132 516 2224 antiquiores
546 2131 688 2198 hahendi
721 2145 809 2199 sunt.
874 2133 959 2200 Nam
993 2145 1026 2199 et
1056 2133 1218 2202 Doridem

116 2236 421 2328 septentrionalem,
445 2235 536 2324 quali
550 2235 742 2301 Phocenses
757 2235 948 2302 novissimis
975 2246 1051 2302 ante
1072 2245 1216 2302 nostram

118 2364 226 2407 aeram
248 2337 390 2404 sacculis
413 2337 466 2402 usi
488 2349 585 2421 sunt,
607 2349 755 2404 accurate
777 2338 932 2405 exhibent
952 2349 985 2404 et
1006 2337 1072 2404 iota
1093 2349 1219 2402 mutam

118 2439 242 2532 nhiqne
264 2439 464 2530 adscriptum
486 2439 608 2506 hahent
630 2450 854 2530 praeterquam
875 2439 909 2506 in
926 2434 1148 2528 'conjunctivis
1161 2437 1216 2526 ἔχη

117 2557 150 2612 et
170 2545 331 2628 παραμιίη
358 2563 412 2608 ur.
435 2540 457 2608 2
484 2541 513 2606 l.'
534 2541 586 2608 10.
611 2541 671 2624 15,
705 2541 763 2608 uhi
792 2567 882 2609 more
904 2540 1029 2610 Dorico
1056 2542 1218 2610 omittitur

115 2646 184 2712 vid.
215 2649 246 2731 ᾖ.
269 2643 312 2712 36
341 2669 392 2709 nr.
418 2644 457 2726 3,
496 2654 529 2710 et
550 2643 754 2734 diphthongo
783 2668 811 2708 ει
838 2669 898 2734 pro
926 2657 939 2706 ῐ
968 2669 1010 2710 ex
1031 2645 1218 2735 antiquiore

115 2747 356 2816 consuetudine
378 2755 516 2815 utuntur
537 2747 571 2811 in
595 2745 788 2811 ἀποτεισάτω
817 2747 885 2812 vid.
908 2772 943 2838 p.
968 2749 1030 2815 184
1051 2757 1085 2812 et
1105 2754 1217 2812 ποθει-

115 2855 192 2916 κέιω
215 2850 283 2915 vid.
307 2849 411 2932 inin,
444 2871 611 2938 nunquam
635 2848 671 2912 in
692 2847 767 2914 aliie
788 2860 824 2914 nt
845 2853 974 2929 Νίκων,
1004 2848 1095 2931 τιμά,·
1125 2847 1236 2914 deni-³

116 2977 180 3042 que
202 2952 287 3018 nihil
310 2961 360 3017 est
380 2963 535 3040 cumpost
555 2950 736 3016 seeundum
758 2976 776 3016 a
798 2949 876 3018 Chr.
902 2951 1069 3018 saeculum
1101 2949 1218 3039 scripti

116 3065 282 3144 putentur.
313 3053 454 3144 Reliqui
474 3066 612 3146 quatuor
625 3065 657 3118 et
676 3052 823 3143 impurae
844 3067 922 3120 sunt
941 3054 1072 3121 dialecti
1095 3053 1216 3120 et'bta

116 3155 291 3246 negligunt
312 3166 345 3222 et
365 3181 393 3222 ει
414 3153 594 3224 secundnm
616 3167 781 3222 recentem
802 3179 925 3224 morem
946 3181 1008 3248 pro
1036 3169 1049 3217 ῑ
1071 3155 1216 3244 positum

117 3271 150 3325 et
173 3257 387 3346 corruptioris
410 3260 490 3324 adeo
513 3257 791 3348 pronuntiationis
820 3259 923 3323 multa
946 3259 1137 3324 documenta
1159 3257 1215 3320 ha·

115 3363 207 3428 beot.
241 3359 394 3426 Ceterum
417 3356 506 3450 quod
520 3361 709 3448 Ulriehsiuq
730 3385 796 3427 non
820 3360 947 3426 dnhitat
962 3346 1045 3450 quin
1059 3359 1215 3426 Soclarus

115 3461 296 3530 Aristionis
329 3461 557 3541 Tithorensis,
601 3487 699 3556 quem
735 3463 933 3530 Plutarchus
976 3464 1012 3528 in
1044 3460 1215 3526 Amatorio

116 3574 365 3648 commemorat,
389 3589 456 3630 non
473 3565 623 3634 diversus
645 3566 689 3632 sit
707 3565 748 3632 ah
761 3567 893 3634 homine
909 3563 1057 3652 ejusdem
1070 3561 1216 3629 nominis

116 3693 167 3734 nr.
186 3669 222 3753 4,
245 3668 281 3734 in
304 3665 439 3732 lamiliis
461 3667 631 3734 nobilibus
653 3667 766 3735 eedem
788 3669 921 3736 nomina
942 3665 1123 3758 permulta
1146 3687 1215 3731 sae·

115 3771 189 3837 cula
209 3769 384 3858 propagari
405 3767 564 3834 solehant.
675 3758 678 3768 ’

201 3869 425 3951 Notahiliora‚
454 3883 617 3960 quatenus
646 3879 757 3939 nostra
785 3875 942 3958 interest,
973 3873 1086 3938 insunt
1112 3869 1213 3936 hacc:

117 3976 307 4057 ῖαραιθεσὶα
335 3973 470 4063 antiqua
499 3973 603 4040 iorma
632 3978 923 4064 pro·ie9mo0eoio
944 3975 969 4040 i.
992 3999 1022 4040 o.
1046 3970 1116 4058 ἱερὰ
1139 3969 1216 4037 ἀνά-

117 4085 209 4152 θεσις
238 4075 273 4140 ἰιι
304 4075 400 4142 titulo
433 4076 583 4166 quamvis
611 4075 736 4142 recenti
763 4101 815 4142 nr.
838 4079 905 4144 41.
929 4077 969 4144 31
999 4075 1067 4142 vid.
1094 4073 1214 4160 §.163

58 4231 66 4240 .
117 4169 370 4254 σὺνιυδοκιόπος
399 4189 432 4244 et
462 4177 701 4265 στραταγεόνιος
730 4199 781 4262 nr.
806 4180 836 4244 1.
860 4181 882 4245 2
912 4203 931 4246 e
959 4202 1050 4246 more
1078 4177 1215 4244 Doridis

116 4278 383 4370 septentrionalis
412 4279 479 4348 vid.
511 4280 544 4365 ἓ.
564 4277 628 4364 26,
658 4278 695 4364 53
727 4277 762 4345 ei
783 4279 899 4361 ἥμισυν
920 4279 956 4346 in
978 4281 1134 4352 omnihus
1156 4303 1215 4348 sex
