2844 4806
424 293 484 368 Ad
509 292 672 370 Librum
700 293 919 370 Secundum.
990 254 999 268 Ι
1145 295 1220 372 1167

121 499 165 583 1,
205 497 384 584 deoperitur
409 497 531 588 legitur
560 497 598 564 ln
624 495 777 589 plurimis
810 496 913 564 titulis
940 495 1102 566 'l'laeraeis
1130 497 1217 590 opud

120 600 279 669 Roscium
308 625 360 666 nr.
381 600 564 669 203-218.

6 755 7 778 ¹
203 727 309 796 thid.
341 747 400 795 nr.
422 727 455 797 8.
500 727 541 794 Ιιι
562 725 659 794 titulo
680 725 841 795 Alaealno
861 725 928 794 iota
950 727 1108 795 omissum
1130 741 1216 798 ueta-

6 857 7 880 ι
119 827 163 897 tis
183 831 284 898 luerit
303 841 341 896 ut
360 830 396 895 in
418 829 570 920 Astypal.
587 827 686 914 2485,
709 830 768 920 qui
789 827 900 896 ..105
920 853 951 896 a.
968 827 1048 896 Clrr.
1072 831 1216 923 scriptus

118 945 181 999 est.
237 933 286 1000 Ea
315 931 405 1000 enirn
434 941 537 998 aetate
567 931 654 998 illud
681 931 907 1024 negligentiae
936 953 1042 1021 genus
1074 933 1217 1023 grassari

115 1047 269 1126 coeperat
292 1033 360 1102 vid.
384 1033 503 1100 Franz.
527 1033 646 1124 Epigr.
680 1058 713 1124 p.
737 1033 812 1101 155.
835 1035 909 1101 233.

202 1163 300 1254 Peg.
324 1161 385 1229 191
416 1159 441 1228 l.
466 1161 519 1230 18.
564 1161 689 1229 Eodem
712 1161 905 1228 Huschkiua
927 1161 968 1228 de
990 1163 1103 1230 Annio
1125 1161 1216 1230 cim·
1249 1243 1254 1256 ἱ

113 1263 176 1330 bro
196 1289 230 1356 p.
248 1263 289 1332 31
312 1263 426 1332 retulit
444 1269 528 1350 πᾶς,
551 1263 641 1358 quod
662 1266 697 1330 in
720 1263 776 1330 Et.
798 1263 848 1332 Μ.
871 1265 953 1344 651,
976 1267 998 1331 4
1020 1275 1053 1330 et
1074 1265 1129 1332 Et.
1152 1265 1212 1334 Or.

113 1365 266 1449 136,15
296 1391 315 1432 a
339 1366 558 1458 Syracusanis
584 1391 646 1458 pro
674 1365 777 1450 πατήρ
808 1365 932 1432 dietum
959 1389 1032 1432 csse
1061 1367 1212 1434 traditur.

112 1465 203 1535 Male
225 1465 333 1533 lamen
357 1493 433 1536 eum
453 1467 674 1536 Valckenario
695 1469 736 1534 ad
759 1467 919 1535 Herodot.
943 1466 1004 1534 lv.
1037 1493 1071 1560 p.
1097 1469 1161 1538 397
1182 1481 1215 1538 ct

112 1567 156 1635 ad
184 1569 295 1636 Adon.
332 1593 365 1660 p.
389 1571 453 1638 382
479 1571 526 1633 ποῖ
553 1569 654 1636 scribi
680 1569 796 1656 juloet3
839 1593 915 1634 nam
944 1567 984 1634 de
1011 1571 1215 1640 nominativo

110 1676 195 1750 πᾶς,
229 1695 305 1761 gen.
328 1675 375 1733 πᾶ
396 1681 524 1737 constat
549 1679 716 1759 practerea
743 1694 762 1736 e
786 1669 1017 1737 Choeroleosco
1038 1671 1143 1739 Bell.
1176 1697 1211 1765 p.

112 1771 217 1856 1181,
240 1771 386 1838 Arcadio
408 1796 443 1863 p.
468 1771 549 1856 125,
572 1771 634 1856 17,
665 1771 721 1838 Et.
745 1769 834 1837 Gud.
857 1770 941 1854 451,
964 1769 981 1838 1
1005 1783 1038 1838 et
1058 1773 1211 1842 Eustatla.

111 1873 177 1941 565
196 1872 247 1940 in.
291 1873 394 1966 Apud
414 1873 620 1963 Aeschylum
642 1872 760 1964 Suppl.
779 1873 855 1940 869.
876 1873 940 1941 876
960 1897 1022 1964 pro
1045 1869 1071 1938 oi
1091 1879 1136 1960 βᾶ
1154 1881 1213 1962 γᾶς

109 1977 173 2041 ποῖ
198 1979 262 2041 Ζεῦ
296 2001 315 2044 e
342 1977 469 2045 scholio
501 1969 527 2040 oi
554 1975 651 2062 πάτερ
682 1977 766 2054 Ζεῦ,
799 1979 857 2060 γῆς
889 1977 949 2040 ποῖ
971 1976 1211 2045 Valckenarius

109 2079 284 2170 proposuit
306 2073 334 2144 oi
354 2081 415 2146 παῖ
432 2083 490 2165 γᾶς
509 2082 556 2143 ποῖ
575 2081 659 2158 Ζεῦ,
683 2101 784 2170 quum
805 2077 905 2170 vulgo
926 2077 1099 2170 Scaligero
1120 2104 1212 2172 prae·

109 2193 211 2248 eunte
232 2186 277 2267 βᾶ
297 2206 316 2250 e
336 2183 467 2267 βασιλεῦ
488 2179 691 2248 decurtatum
711 2191 855 2272 putetur.
922 2179 1010 2248 Nolo
1030 2183 1212 2274 quidquam

109 2283 292 2372 affirmare3
337 2283 562 2375 suspicionem
588 2291 696 2348 tamen
718 2281 880 2372 quandam
901 2283 1059 2372 injiciunt
1078 2283 1211 2372 glossae
1248 2325 1255 2342 x

109 2383 361 2476 Hesychianae'e
401 2387 584 2472 Βαγαῖος
602 2410 655 2436 ·-
685 2383 765 2462 Ζιύς
790 2383 930 2472 Φρύγιος
961 2397 994 2453 et
1021 2385 1209 2472 Μαζεύς,

109 2490 127 2554 ὁ
151 2488 232 2566 Ζεῦς
252 2486 342 2572 παρὰ
362 2490 473 2574 ΦρυξΙ.
520 2485 612 2572 Quid
633 2485 743 2572 enim,
773 2485 803 2552 si
824 2487 1012 2579 Aeschylus
1033 2488 1211 2579 peregriua

108 2589 164 2656 dei
185 2590 318 2658 nomina
339 2602 473 2682 captans
495 2588 667 2682 scripserit
689 2581 717 2652 oi
736 2593 857 2674 Boyoie
877 2593 992 2668 Μοζιῦ
1012 2601 1070 2656 aut
1092 2585 1119 2655 oi
1139 2597 1210 2656 Bo-

107 2693 176 2796 poia
198 2697 244 2758 πᾶ
266 2693 352 2758 Ζιῦ2
376 2731 416 2744 —-
459 2691 587 2760 Ibidem
607 2716 639 2757 ι.
655 2691 730 2760 867.
753 2691 817 2760 876
839 2683 865 2756 oi
885 2695 930 2776 μᾶ
949 2695 991 2776 γᾶ
1012 2693 1137 2760 sclaolia
1158 2693 1208 2758 iu·

108 2805 329 2886 terpretantur
357 2789 384 2858 ai
408 2797 505 2882 μῆτερ
528 2799 570 2880 γῆ
590 2808 624 2862 et
644 2793 839 2861 Eustathius
860 2817 993 2886 quoque
1014 2795 1040 2861 l.
1062 2793 1089 2860 l.
1114 2795 1210 2862 docet

108 2901 153 2980 μᾶ
171 2919 232 2986 pro
254 2896 355 2982 μήτηρ
378 2919 462 2963 esse.
530 2895 641 2982 Quare
669 2909 758 2964 reete
786 2895 873 2986 apud
892 2895 1104 2964 Theocritum
1126 2897 1206 2982 XV,

106 2999 258 3067 8914οιιι
279 3022 360 3065 usus
382 2997 593 3089 agnoscitur,
630 3023 731 3090 quum
755 2997 903 3065 scholion
925 3021 944 3062 a
965 2995 1166 3065 Rnlrnlaenio
1188 3023 1207 3065 e

107 3100 222 3167 codice
249 3100 435 3168 Parisieusi
463 3099 628 3192 proditum
655 3100 705 3192 td¹
719 3103 765 3184 μᾶ
795 3097 882 3164 dicat
908 3101 1128 3186 Συρακούσιον
1156 3103 1207 3168 tat

97 3201 346 3288 ’ἀγανακτήσεως
366 3203 536 3287 λεγόμενον.
594 3203 684 3269 Βοιιο
706 3201 795 3268 enim
815 3199 1054 3272 Valckenarius
1076 3227 1204 3296 compa·

105 3305 190 3374 ravit
210 3303 358 3393 Δάματερ
388 3305 468 3374 item
496 3305 532 3372 in
561 3303 825 3391 interjectionem
853 3327 995 3372 versum.
1048 3305 1203 3374 Ceterum

105 3413 151 3493 μᾶ
170 3433 245 3476 οιιιιι
266 3409 343 3492 μαῖα
365 3407 619 3500 comperandum
640 3417 692 3474 eet
712 3416 749 3470 ut
768 3409 810 3491 γᾶ
830 3429 904 3473 eum
925 3409 1011 3492 γαΐα.
1035 3443 1075 3458 -
1127 3405 1204 3475 dam

105 3535 182 3578 vero
205 3507 364 3578 credibile
388 3524 459 3595 est,
501 3507 713 3600 brevissimas
734 3508 813 3576 illas
834 3511 968 3578 voculae
996 3513 1058 3586 πᾶς
1087 3521 1121 3576 et
1145 3513 1202 3593 μᾶ,

106 3637 192 3704 quae
219 3612 342 3680 rectius
363 3610 626 3704 simplicissimas
649 3611 769 3703 stirpes
790 3613 945 3680 erlailrera
966 3635 1063 3704 quam
1086 3634 1203 3704 apoco-

105 3737 148 3806 pe
166 3715 305 3806 quadam
322 3727 393 3781 orta
414 3724 590 3806 putantur,
614 3715 700 3805 apud
722 3713 856 3782 Siculos
875 3713 1084 3804 potissimum
1106 3739 1202 3782 usur·

104 3827 196 3906 patae
218 3829 251 3884 et
271 3818 411 3885 fortasse
432 3821 519 3908 apud
543 3815 748 3908 Soplrrouem
770 3817 871 3884 lectas
895 3815 1012 3882 luisse.
1064 3813 1094 3884 Ε
1116 3815 1202 3884 Sici·

104 3917 150 3985 lia
172 3939 247 3986 cum
268 3919 344 3987 aliis
365 3941 432 3988 non
452 3919 568 4012 paucis
586 3919 777 4010 Aeschylus
798 3917 992 4008 apportavit.

189 4063 287 4154 Ρη.
312 4067 375 4138 194
401 4067 483 4138 19.
528 4069 682 4138 Attamen
703 4069 810 4154 χρυσῷ
831 4061 972 4149 στεφάνῳ
992 4062 1117 4156 legitur
1138 4063 1200 4132 Ga·
1283 4077 1287 4086 '

102 4169 207 4258 lpmn.
228 4167 327 4238 2671.
