2844 4806
251 339 336 448 959-
554 337 726 416 Addenda
751 353 786 414 ct
813 337 1048 441 Corrigenda.

253 543 502 634 appellstionem
533 544 700 632 epitheton
733 539 888 632 Euripidi
927 540 1036 606 datum
1072 541 1235 625 στρυφνὸς
1267 565 1349 608 cou-

253 646 394 711 mendat.
441 647 531 712 ldem
552 645 595 710 V.
620 643 665 708 l).
689 669 723 734 p.
737 643 801 711 279
823 643 1018 726 Thestoris,
1040 643 1191 734 quierat
1212 643 1349 708 Partbc

252 749 301 813 uii
323 761 435 838 pater,
466 771 648 838 cognomen
672 745 766 822 Χαός
786 745 902 812 scribit
923 746 1016 812 etad
1038 743 1169 834 generis
1192 747 1351 834 splendo

251 873 321 915 rem
347 851 467 934 refert,
502 875 603 942 quum
630 847 689 914 alii
718 860 941 940 paroxptonou
965 846 1078 931 Χάος,
1113 845 1147 910 id
1169 847 1266 936 quod
1286 871 1350 912 ιιιι-

255 951 307 1042 gis
329 952 532 1042 probamus,
577 952 617 1017 de
638 951 799 1018 librorum
821 950 1019 1018 obscuritate
1040 949 1250 1039 interpretati
1271 949 1345 1014 siut.

255 1053 400 1120 Omnino
431 1078 472 1120 ne
501 1077 602 1118 unum
625 1053 758 1144 quidem
786 1064 873 1120 extat
902 1064 1026 1120 certum
1047 1052 1238 1142 exemplum
1260 1051 1346 1118 vocis

252 1155 344 1242 zoli'or
374 1167 463 1222 extra
485 1155 685 1222 Laconicam
709 1156 883 1222 dialectum
904 1165 1078 1246 usurpatae
1098 1153 1151 1220 vel
1180 1154 1219 1219 in
1248 1154 1347 1242 bispl·

252 1257 366 1324 labum
388 1259 548 1325 cobrcitre
576 1258 629 1326 vel
656 1258 789 1350 generis
818 1255 1022 1326 nobilitatem
1044 1255 1285 1338 describentis,
1319 1253 1346 1320 si
1399 1299 1400 1318 .

254 1359 388 1449 quidem
428 1359 468 1424 de
499 1357 698 1424 Theocriteo
737 1362 824 1444 χαῶν
858 1357 1002 1424 dubitari
1041 1382 1142 1448 posse
1180 1357 1343 1426 concedis.
1399 1441 1400 1444 Ἴ

253 1460 337 1528 Nam
358 1485 422 1528 vox
442 1463 620 1546 βαθυχαῖος
640 1460 766 1527 Aesclr.
789 1459 909 1554 Suppl.
933 1460 1020 1538 838,
1061 1483 1162 1550 quam
1184 1483 1222 1526 co
1240 1470 1343 1524 mxc·
1399 1461 1400 1532 i

253 1573 351 1647 runt,
385 1561 620 1628 obscurissima
641 1574 703 1629 cst.
1399 1569 1400 1626 l

338 1690 434 1780 Pag.
457 1691 501 1760 78
518 1704 629 1775 ειῐι.
674 1691 704 1758 E
728 1689 871 1760 Theraei
898 1690 1033 1758 nomine
1052 1693 1231 1767 Malsiiruoc
1255 1693 1342 1780 apud

254 1792 411 1862 Roscium
431 1793 477 1860 11.
509 1817 559 1858 ιιι.
585 1793 647 1862 198
673 1794 743 1862 noli
770 1794 927 1884 colligere
949 1794 1117 1862 'Pheraeos
1149 1820 1170 1860 o
1198 1795 1339 1882 ejecisse,

255 1919 441 1985 quanquam
462 1895 646 1962 Beeclrbius
668 1895 705 1964 in
727 1897 862 1986 antiqua
882 1896 1096 1986 inscriptione
1116 1896 1268 1964 Therses
1293 1921 1340 1960 nr.

253 1995 297 2066 92
324 1999 516 2064 lacunosum
543 2021 663 2063 nomen
690 2004 940 2064 ΛΕΣΙΠΠΟΣ
963 1999 998 2064 iu
1018 1998 1246 2080 Memnonem
1274 2023 1342 2087 sap·
1399 2041 1400 2094 ι

254 2099 335 2190 plct.
380 2099 454 2174 Hoc
477 2099 585 2166 malim
612 2101 816 2182 TrJls'oourror
836 2101 968 2190 legere,
993 2123 1094 2190 quum
1116 2111 1150 2166 et
1177 2103 1343 2166 Tricciana
1399 2103 1400 2134 ¹

254 2202 436 2291 reperiatur
456 2201 558 2268 Tber.
581 2202 678 2270 2448.
708 2201 769 2280 lv,
792 2202 834 2268 37
861 2213 893 2268 et
915 2201 1048 2270 omuino
1068 2203 1205 2268 nomina
1231 2227 1253 2268 a
1281 2210 1342 2267 Tru

255 2307 436 2396 composita
456 2303 492 2369 iu
513 2304 717 2394 Aegidarum
739 2316 836 2394 gente
858 2303 1043 2395 frequentia
1065 2303 1149 2387 sint,
1172 2303 1245 2370 vid.
1266 2305 1344 2372 Raa-

256 2407 341 2474 sium
363 2406 403 2470 de
424 2406 565 2496 Anrpbe
587 2406 622 2472 iu
643 2405 721 2472 Act.
744 2407 808 2472 Ac.
832 2405 962 2473 lllouuc.
986 2405 1069 2476 1837
1091 2432 1124 2497 p.
1146 2405 1235 2491 4383
1269 2407 1345 2474 illul

254 2509 429 2576 formatum
450 2521 501 2574 est
521 2507 793 2600 quemadmodum
812 2509 1009 2600 Μιλὲαγρος.

276 2741 318 2808 04
340 2637 435 2726 Pag.
458 2637 502 2704 89
528 2638 553 2704 l.
578 2637 629 2705 19.
680 2637 777 2705 Adde
805 2639 904 2705 ποποῖ
930 2639 970 2702 δᾶ
996 2639 1120 2705 Aescb.
1152 2640 1222 2728 ng.
1255 2641 1342 2709 1042

256 2743 273 2807 1
318 2741 350 2807 6.

339 2867 438 2960 Peg.
459 2869 502 2938 82
529 2869 554 2936 l.
577 2867 609 2936 3.
654 2869 737 2958 Leg.
761 2867 793 2954 §-
818 2871 870 2938 43.

340 2996 439 3087 Pag.
463 2998 505 3064 84
537 2996 638 3064 1.10.
690 2997 835 3074 Μασθός
865 3000 989 3090 legitur
1016 3001 1053 3067 iu
1079 3000 1175 3068 titulo
1206 3002 1342 3068 Acrmsi

255 3095 328 3178 lll,
351 3097 404 3162 35.
427 3100 493 3182 41,
533 3098 627 3166 οὐθὲν
659 3098 695 3164 in
725 3097 795 3166 Coo
823 3100 986 3168 Roscii
989 3127 1084 3169 ..nr
1110 3105 1197 3182 175,
1238 3117 1342 3174 eorm

261 3200 450 3266 ΟΤΔΕΣ
440 3225 476 3266 ιιι
503 3203 640 3292 antiquo
661 3201 756 3270 titulo
778 3201 967 3286 Laconico,
1000 3203 1040 3272 de
1061 3228 1128 3294 quo
1149 3206 1229 3274 ride
1253 3229 1340 3296 supra

255 3300 351 3392 adp.
374 3301 463 3385 8,
452 3326 477 3368 ι.
501 3325 530 3366 c.
556 3305 663 3384 οὐδής.

339 3431 435 3520 Pag.
458 3432 553 3500 851.
572 3435 630 3500 21.
685 3434 782 3501 Adde
810 3435 934 3519 Θεράν
876 3463 990 3520 αμναι,
1033 3447 1070 3501 ut
1100 3435 1341 3526 Tberapmrum

254 3533 493 3602 Laconicamm
520 3557 638 3600 nomen
665 3538 752 3627 apud
776 3533 976 3628 Stephanum
997 3537 1079 3628 Bpn.
1103 3539 1340 3628 scriptumest

341 3655 437 3752 Paq-
461 3661 554 3732 861.
576 3661 628 3730 19.
673 3663 758 3754 ch.
782 3665 890 3750 536,
915 3667 1041 3750 ter§.
1058 3667 1118 3750 4⁰3
1150 3669 1237 3734 banc
1259 3694 1341 3760 para

257 3764 417 3854 grapbum
437 3764 573 3831 restitue
592 3771 759 3856 praeterea
780 3767 805 3833 l.
820 3769 862 3836 22
884 3777 916 3834 ct
936 3792 1011 3857 paq.
1003 3769 1113 3835 ..871
1132 3769 1187 3837 12.

311 3901 433 3992 Pag.
456 3905 499 3972 87
528 3928 579 3971 ιιι.
604 3905 656 3972 19.
701 3905 754 3973 De
780 3911 896 3976 Φιαλία
923 3909 968 3972 cl'.
994 3906 1082 3972 lieil.
1104 3905 1222 3976 Auall.
1250 3935 1287 4000 p.
1307 3911 1343 3977 99

256 4015 292 4172 ἓ
318 4027 486 4172 qummum
514 4007 599 4098 apud
629 4007 758 4076 bliouu.
792 4007 910 4102 Suppl.
933 4009 993 4078 lV.
1026 4031 1061 4098 p.
1086 4007 1173 4096 533,
1218 4010 1255 4078 iu
1282 4036 1343 4104 quo

293 4131 327 4171 ια
346 4133 414 4171 ιων.

341 4209 848 4306 -ιωημιψ
