2920 4812
312 429 346 521 §.
369 431 430 505 20.
483 431 540 504 De
566 459 587 517 η
612 442 788 526 presset
813 459 839 500 ω
860 453 926 526 pro
953 457 1002 502 ov.
1132 424 1205 504 157

105 631 211 696 rica'm
234 631 371 696 lormam
392 629 610 721 redegerunt?
654 629 806 698 Ceodioa
826 629 957 736 ltslicae
978 629 1115 700 Doridis
1136 633 1201 700 ior·
1328 709 1329 714 ἵ

106 757 162 800 ma
184 743 236 800 ert
257 733 368 816 docio,
387 733 456 800 vid.
480 733 512 816 ἕ.
535 733 589 800 40.

176 836 211 914 d)
254 833 473 900 Accusativns
493 831 631 924 pluralis
653 831 884 900 declinationis
910 833 1072 902 secundae
1092 833 1127 900 in
1149 858 1201 902 se·

107 929 238 1015 veriore
260 936 388 1002 Doride
402 935 430 1017 ⁶)
461 935 497 1000 in
520 961 563 1010 ως
584 936 672 1020 exit,
706 947 743 1004 ut
762 934 866 1018 νόμως
888 961 947 1026 pro
966 936 1098 1018 νόμους,
1132 937 1201 1004 uisi

106 1039 201 1128 quod
222 1037 319 1128 panei
340 1037 516 1106 Cretenses
536 1036 707 1128 antiquum
728 1062 781 1113 ονς
801 1047 971 1106 uouemus
998 1037 1065 1104 vid.
1089 1038 1122 1121 §.
1145 1040 1198 1116 14,

106 1140 260 1232 plerique
282 1161 357 1206 cona
380 1137 557 1228 Cyrenaeis
577 1138 837 1208 terminationem
868 1139 904 1204 in
926 1137 1200 1229 oo.corripiebant

105 1243 179 1310 vid.
201 1243 235 1326 ἓ.
257 1243 320 1320 21,
344 1243 375 1308 1.
419 1241 516 1308 illius
536 1240 774 1310 teminatioois
797 1267 840 1316 oc
861 1239 1032 1308 innumera
1052 1244 1217 1332 exempla·

106 1355 188 1411 snut
208 1344 295 1434 apud
315 1343 508 1408 Alcmanem
538 1355 571 1408 et
595 1343 631 1408 in
652 1342 852 1434 Lysistrata,
884 1342 930 1410 in.
948 1343 1068 1409 tubulis
1097 1343 1199 1412 Hera·

105 1447 296 1514 clsensilrus
318 1449 368 1527 (ot
387 1441 449 1517 ocio
468 1442 573 1530 χόρως
594 1441 656 1519 cole
675 1443 775 1528 iconie
788 1441 870 1536 ete.)
892 1455 926 1512 et
945 1443 1041 1512 titulo
1054 1443 1197 1530 Bruttio,

105 1572 171 1615 nec
198 1546 310 1614 minna
336 1547 373 1612 in
402 1569 469 1612 nno
490 1544 621 1612 Cretico
650 1567 701 1612 nr.
724 1545 820 1616 2554.
839 1569 847 1590 ·
863 1545 959 1614 Adeo
986 1547 1023 1614 in
1049 1547 1197 1615 lontibus

103 1651 219 1716 minos
241 1648 359 1736 certis,
393 1645 428 1714 in
450 1647 598 1736 epistolis
621 1646 774 1716 Chilonis
792 1649 958 1732 Laconis,
991 1647 1199 1738 Epimenidis

107 1750 299 1827 Cretensis,
322 1749 487 1839 Archytae
509 1761 542 1816 ct
556 1749 691 1838 Lysidis
710 1750 984 1832 Tarentinorum,
1006 1775 1067 1820 nec
1087 1751 1198 1818 minus

104 1855 144 1920 in
165 1853 305 1942 reliquis
320 1851 697 1940 Pseudo-Pythagoricis
717 1875 755 1919 ea
774 1851 948 1920 severianis
965 1852 1102 1919 Doridis
1123 1877 1197 1943 pro·

105 1955 229 2047 pristas
252 1953 374 2022 servari
396 1953 490 2020 solet.
534 1953 575 2018 ln
602 1953 699 2022 titulo
720 1953 851 2042 Tegeae
868 1965 996 2044 reperto
1019 1954 1060 2024 C·
1080 1953 1111 2020 1.
1142 1979 1194 2024 ιιι.

106 2056 216 2137 1511,
248 2055 343 2143 eujus
363 2055 537 2122 dialectum
556 2054 753 2125 Laconicam
776 2078 850 2122 csse
871 2055 1032 2138 diximus,
1064 2066 1198 2146 propter

104 2157 275 2249 antiquam
296 2156 509 2246 scripturam,
532 2179 596 2248 qna
621 2163 649 2222 O
670 2181 729 2248 pro
751 2183 788 2234 o,
812 2159 892 2224 u'et
912 2182 948 2224 ου
968 2157 1121 2246 ponitur,
1142 2157 1196 2224 ni-

104 2261 159 2334 hil
185 2258 266 2328 certi
293 2269 445 2348 apparet,
478 2258 536 2326 sed
565 2259 589 2326 l.
611 2260 655 2327 22
681 2259 797 2346 χιλίους
823 2259 908 2328 male
936 2283 955 2326 s
982 2259 1195 2327 Fourmontio

104 2361 192 2430 tradi
213 2380 404 2454 persuasum
423 2361 602 2443 habemns,
632 2383 734 2451 quum
751 2371 916 2451 praeterea
935 2360 1063 2430 nullum
1084 2385 1196 2428 recen·

105 2463 201 2530 tionis
223 2463 401 2553 scripturae
422 2463 598 2554 vestigium
618 2462 700 2528 insit
720 2471 754 2530 et
772 2463 969 2554 qnnnr'plns
990 2463 1092 2530 semel
1109 2473 1196 2530 recte

104 2567 207 2652 χιλίας
234 2567 362 2654 legatur
392 2565 436 2634 el.
469 2563 547 2630 inlr.
579 2589 630 2630 ιιι.
653 2565 684 2632 7.
727 2564 768 2630 ln
789 2565 1119 2634 Lacedaemoniorum
1141 2565 1196 2632 ds·

105 2677 197 2735 creto
225 2667 380 2756 Thucyd.
403 2666 449 2748 V,
471 2665 513 2733 77
542 2665 621 2734 libri
648 2665 743 2734 modo
775 2691 818 2742 ως
845 2666 941 2733 modo
971 2691 1025 2742 ους
1051 2676 1196 2752 tuentur,

104 2775 170 2838 lroe
191 2781 298 2836 ιιιιιιιι
320 2768 428 2834 rarius
449 2791 584 2853 ornnes,
618 2791 702 2859 quae
722 2765 938 2834 inconstantia
958 2767 1121 2858 quomodo
1141 2792 1196 2836 ex·

104 2871 223 2962 plicari
243 2870 368 2961 possit,
391 2893 487 2961 sopra
510 2869 726 2938 indicarimus
747 2870 780 2953 ἓ.
803 2870 843 2952 2,
867 2869 918 2936 13.

191 2974 226 3053 3)
269 2971 400 3040 Deinde
420 2972 591 3064 productio
613 2971 670 3038 illa
693 2969 891 3062 suppletoria
913 2970 1118 3058 agnoscitur,
1138 2971 1196 3038 uhi

106 3102 126 3142 s
148 3085 223 3140 ante
245 3098 387 3164 sequens
407 3102 429 3155 μ
450 3075 502 3142 vel
524 3073 676 3142 sexcidit
696 3073 740 3140 ci.
756 3073 833 3140 L.1
854 3071 886 3156 §-
904 3073 938 3156 8,
954 3073 986 3138 3.
1003 3073 1036 3138 4.
1081 3073 1195 3164 ltaque
1244 3159 1249 3172 ι

105 3177 252 3244 severior
272 3175 373 3242 Duris
397 3205 416 3254 η
436 3199 496 3266 pro
517 3175 643 3265 vulgari
664 3201 691 3242 ιι
710 3176 808 3242 hahet
828 3175 864 3238 in
885 3173 956 3238 lrisr

169 3281 202 3360 a)
243 3281 281 3344 iu
307 3277 397 3344 verbi
424 3279 486 3358 εἰμι’
511 3277 626 3362 formis
654 3277 836 3343 nonnullis.
890 3275 1087 3366 Frequentior
1119 3289 1195 3344 snut
1281 3343 1283 3348 .

105 3381 255 3472 exempla
282 3379 438 3445 infinitivi
467 3374 541 3462 ἧμιν
572 3378 646 3464 (uhi
674 3377 784 3444 mitior
805 3378 907 3444 Doris
936 3377 1016 3460 εἶμεν
1037 3379 1133 3445 hehet
1154 3405 1195 3448 ex

105 3485 228 3566 ἔσ-μιι
253 3507 312 3574 pro
341 3481 452 3560 εἶναι),
486 3481 520 3546 in
549 3479 637 3545 toblr.
661 3479 793 3546 fleroel.
823 3492 855 3545 et
875 3479 1067 3546 certioribus
1088 3481 1195 3550 titulis

105 3583 247 3652 Creticis
267 3573 362 3652 2555.
386 3581 481 3651 2556.
503 3581 611 3667 2558,
645 3583 741 3648 etiam
763 3581 866 3666 2554,
889 3581 942 3649 58.
963 3583 1028 3650 212
1055 3593 1088 3648 et
1108 3585 1194 3674 opud

104 3687 301 3768 Chilonem,
323 3684 571 3774 Epimenidem,
593 3683 760 3774 Apoplntlr.
783 3684 862 3751 Lae.
886 3709 919 3772 p.
935 3685 999 3751 242
1019 3696 1081 3752 etc.
1123 3685 1194 3752 Nec

103 3789 215 3855 minus
243 3787 388 3854 severior
407 3785 509 3852 Duris
539 3785 594 3866 ἠμί
621 3797 654 3851 ιι
682 3787 757 3868 ἠμές
776 3811 836 3876 pro
858 3789 936 3868 εἰμι’,
971 3787 1050 3867 εἰμέν
1071 3785 1194 3852 dixisse

101 3889 248 3984 putanda
262 3901 325 3971 est,
349 3913 447 3980 quum
470 3889 532 3954 ista
554 3911 594 3952 ex
616 3889 701 3970 ἕσμὶ,
724 3890 831 3970 ἰσμὲς,
855 3888 944 3968 ἐσμέν
964 3887 1192 3975 (qoodAttlais

103 3991 260 4072 serravit)
282 4001 354 4056 nota
369 3991 446 4055 sint.
478 3989 566 4056 lllslc
581 3989 614 4054 io
631 3989 791 4056 cantilena
806 3989 966 4054 Laconica
982 3987 1189 4056 Schneidew.

101 4127 356 4138 ..nm-*-

136 4209 168 4271 6)
205 4203 309 4260 Dorico
328 4217 442 4272 vocetur
463 4221 495 4258 ιι
520 4205 676 4260 terminatio
701 4221 717 4258 ι
734 4205 760 4258 J.
781 4203 831 4258 Gr.
849 4206 916 4268 243,
934 4219 965 4268 n,
992 4204 1108 4258 Μιιιιιι.
1127 4207 1190 4272 658,

102 4293 177 4348 node
196 4293 322 4362 corrigas
339 4293 390 4346 (ὶι.
409 4281 439 4346 (l.
457 4293 516 4350 318.
