2844 4806
259 353 336 434 611
558 351 730 430 Addcndn
755 365 791 424 et
812 349 1047 452 Corrigenda.

205 605 221 636 ,
263 559 405 640 σημαίνει
425 555 459 624 ιδ
483 557 531 624 niel
552 556 599 622 ὄν.
641 558 689 625 δεῖ
708 558 741 620 dl
761 555 921 640 γινώσκειν
942 555 991 622 ὅτι
1012 559 1065 620 rel
1083 552 1119 620 rd
1144 552 1358 636 ἀιιπᾶρθειος

262 660 316 726 doci
342 665 398 740 τῆς
427 662 458 724 si
485 658 658 742 διφθόγγου
684 657 839 741 γράφεται
872 661 1007 734 κοινῶς,
1048 659 1215 732 Aioltrnic
1243 659 1280 722 δὲ
1309 655 1357 720 dai

261 767 316 830 roci
336 768 362 825 ῑ.
429 761 545 828 Priora
566 784 680 826 eorura
700 783 797 826 cause
819 759 1078 848 adscripsimus,
1113 759 1262 848 quaein
1285 769 1358 824 nutr

262 887 303 932 ex
325 863 563 951 Etymologicis
585 863 695 928 minus
716 864 815 952 plenu
842 863 882 927 dc
905 861 996 927 rucis
1027 859 1075 924 ιῖιί
1095 861 1295 950 compositis
1316 862 1357 926 al·

261 968 326 1034 lata
354 975 442 1032 suut.
509 963 663 1032 Ceterum
686 963 813 1032 Censor
833 963 978 1030 Darmst.
1001 961 1096 1030 valde
1118 961 1275 1045 dubitat,
1316 985 1356 1025 an

262 1068 385 1136 Aeoles
407 1091 473 1134 nou
488 1091 565 1134 vere
586 1066 738 1133 noverint
759 1075 897 1156 quatuor
918 1065 1017 1152 hujus
1041 1064 1189 1132 adverbii
1211 1064 1354 1130 lurum

263 1167 326 1249 ult',
358 1169 440 1246 ulli,
477 1169 532 1252 di',
567 1168 627 1234 ciii.
671 1167 747 1234 Non
769 1165 898 1258 apernit
918 1177 1046 1243 tamen,
1077 1189 1138 1232 cur
1155 1165 1355 1256 optinorum

262 1271 542 1362 prrmmaticorum
563 1269 757 1336 testimoniis
785 1271 885 1336 hdem
911 1270 1029 1336 hahere
1056 1269 1220 1350 uoluerit,
1264 1291 1353 1357 prae·

262 1374 375 1440 sertim
397 1395 498 1462 quum
517 1372 602 1438 nihil
622 1372 875 1440 convenientius
894 1371 957 1449 sit,
980 1395 1080 1462 quam
1100 1382 1138 1436 ut
1157 1397 1170 1434 ι
1190 1370 1355 1436 Lesbiaco

220 1475 224 1487 '
260 1496 351 1540 nore
371 1474 468 1540 modo
489 1475 642 1562 ejiciatur
662 1473 761 1541 modo
780 1485 947 1552 teneatur,
978 1501 995 1537 v
1023 1475 1075 1554 ἐφ.
1097 1472 1195 1539 ruodo
1214 1471 1353 1537 addatur

261 1575 359 1642 modo
379 1575 476 1642 ahoit.

346 1679 443 1768 Pag.
467 1677 531 1745 1611
559 1691 641 1745 not.
686 1676 782 1742 Adde
805 1677 955 1746 Eustath.
980 1677 1083 1761 1214,
1104 1679 1147 1746 27
1177 1681 1208 1742 οἱ
1230 1675 1350 1746 Αἰολεῖς

262 1781 295 1845 ιἰι
324 1779 527 1868 πρωιινιύιιου
557 1783 770 1858 πληθυιιιιῆς
796 1785 918 1862 γενικῆς
946 1785 1076 1847 ποιοῦσι
1102 1779 1223 1854 τύπους
1254 1803 1352 1853 roras-
1404 1867 1405 1872 η

262 1881 360 1962 ruric,
392 1885 457 1948 olco
478 1887 582 1966 ἕτερος
604 1883 713 1966 ἑτέρων
735 1879 916 1964 ἑτερῶνιος·
950 1883 1040 1958 ἄλλος
1061 1882 1159 1946 ἄλλων
1184 1880 1348 1954 uillnirtoc·

262 1983 376 2066 irripere
397 1982 579 2066 e'rupoistoc·
603 1981 720 2064 ἀνέμων
740 1981 909 2064 ἄνιμῶνιος
930 1989 983 2048 καὶ
1005 1983 1220 2066 διέὐφωιίαι
1241 1975 1351 2064 ὸιμᾶ·

261 2093 345 2160 leuc.
382 2084 462 2150 οὕτω
484 2089 537 2150 καὶ
553 2086 681 2150 ‘Elison
699 2085 836 2148 Ἑλικών
853 2087 1051 2162 ‘Eleusinion

345 2186 377 2270 ἓ.
401 2187 460 2254 32.
506 2187 696 2254 Praeclarae
717 2185 944 2254 Boeoticarum
966 2185 1222 2276 inscriptionum
1245 2183 1350 2274 copiae

262 2299 472 2356 accesserunt
492 2290 577 2354 haec

347 2389 624 2456 Orchomenii
660 2387 770 2466 tituli,
814 2411 902 2456 uuus
935 2390 971 2456 iu
1000 2389 1114 2458 Lealrii
1143 2388 1270 2454 Itinere
1300 2409 1353 2475 prr

262 2491 433 2558 Graeciam
456 2489 742 2579 septentrionalem
762 2491 840 2558 Vol.
861 2491 895 2558 ll
917 2517 968 2558 ur.
981 2493 1043 2574 37,
1074 2493 1172 2579 cujus
1193 2513 1273 2580 para
1293 2511 1355 2554 me·
1404 2483 1405 2548 l

263 2593 316 2660 clia
333 2592 403 2678 jam
426 2591 512 2656 edita
537 2605 606 2658 srut
628 2593 727 2682 Corp.
752 2593 857 2660 luscr.
887 2619 939 2660 nr.
964 2593 1064 2680 1573;
1099 2593 1164 2659 duo
1186 2593 1229 2658 ah
1252 2593 1354 2660 Eme-

263 2707 314 2762 sto
336 2693 452 2760 Curtio
476 2693 556 2761 editi
578 2695 614 2760 iu
635 2695 723 2761 hlus.
748 2695 855 2762 llheu.
879 2695 965 2764 Nor.
989 2697 1022 2762 ll
1044 2721 1078 2786 p.
1095 2695 1157 2762 186
1175 2718 1252 2784 sqq.
1275 2694 1354 2759 un‘l
1404 2789 1405 2802 χ

262 2808 295 2862 et
314 2797 359 2882 8,
380 2819 521 2885 quorum
540 2797 631 2886 prior
652 2797 866 2868 difficillimus
889 2810 958 2866 erat
978 2799 1020 2864 ad
1040 2796 1230 2886 legendum.

304 2901 312 2908 ’
345 2897 642 2964 Lebadeeusis
663 2899 795 2978 brevior
814 2913 865 2966 est
884 2902 973 2992 apud
994 2901 1156 2967 Lealrium
1175 2899 1210 2964 ll
1233 2898 1333 2988 pit

349 2998 581 3089 Copensem
608 3001 790 3068 hrsriorcm
819 3003 953 3092 praehet
974 3001 1164 3070 Ulrichsius
1193 2999 1231 3066 in
1263 3003 1353 3066 ltine·

262 3120 297 3164 re
317 3097 445 3165 Graeco
473 3101 591 3168 Vol.l
625 3127 659 3193 p.
681 3103 745 3170 203
776 3116 809 3171 et
840 3105 962 3172 ibidem
989 3105 1075 3172 alius
1103 3101 1223 3169 inediti
1257 3123 1351 3192 panca
1404 3103 1405 3152 l

262 3197 371 3268 verhr.

344 3299 581 3368 Thehanum
621 3305 782 3373 ineditum
819 3304 907 3372 inter
936 3305 1096 3374 Bocchhii
1126 3305 1243 3396 copias
1275 3303 1351 3372 ridi.

261 3401 348 3468 llum
371 3403 430 3493 qui
458 3403 494 3468 in
515 3403 616 3495 Corp-
641 3408 747 3476 lnacr.
778 3431 830 3472 nr.
854 3409 938 3476 1578
964 3408 1073 3476 editus
1100 3418 1174 3492 est,
1210 3407 1353 3474 Leahius

262 3517 295 3570 et
314 3505 567 3572 emendatiorem
591 3518 624 3574 ct
645 3510 685 3574 ah
706 3510 802 3580 initio
822 3509 1001 3578 auctiorem
1021 3509 1153 3600 repetiit
1172 3507 1208 3574 ll
1230 3534 1287 3576 nr.
1303 3509 1351 3578 45.

346 3607 510 3674 Ptoium
532 3608 664 3676 titulum
685 3611 709 3674 i.
729 3635 759 3678 e.
783 3611 929 3678 muueris
952 3635 971 3679 a
992 3611 1136 3678 concilio
1156 3609 1353 3680 Boeotorum

261 3707 414 3795 Apollini
441 3709 539 3776 Ptoio
560 3710 700 3778 dedicati
730 3711 980 3802 inscriptionem
1001 3712 1193 3781 Ulrichsius
1222 3715 1250 3782 l.
1274 3714 1300 3780 l.
1323 3737 1352 3802 p·

261 3807 327 3895 247
354 3810 481 3896 publici
505 3812 594 3898 juris
621 3813 701 3879 lecit
713 3857 724 3896 ,
761 3837 827 3903 quo
849 3815 965 3902 judice
990 3815 1103 3906 paullo
1124 3825 1202 3906 post
1223 3815 1352 3882 Thehas

261 3918 458 3976 restauratas
481 3914 537 3980 01.
563 3915 647 4000 116,
672 3917 689 3981 1
713 3916 856 4002 scriptus
877 3927 939 3982 est.

346 4007 634 4101 Thespiensis
661 4039 838 4107 pensorum
861 4017 1034 4086 verborum
1055 4018 1236 4085 Praxitelia
1265 4017 1351 4111 operi

260 4110 488 4196 pulcherrimis
523 4115 630 4184 literis
670 4118 878 4208 subscriptus
913 4120 1001 4208 spnd
1036 4119 1198 4190 Lcahinm
1228 4121 1264 4186 ss
1304 4145 1349 4186 ur.
1404 4197 1405 4222 1

258 4211 313 4274 77.

684 4433 799 4533 ,ἃ
