2894 4820
267 413 321 500 20
609 415 704 508 Μ
726 415 1011 494 «υθθιΐοῃῑῶιιε.

269 621 359 690 tione
386 615 626 703 altile-duas
643 615 693 684 'ae
714 613 875 686 baeoaiea
904 629 1075 711 putemus,
1118 639 1204 708 quae
1230 615 1365 686 aliunde

268 722 402 806 aseivit,
422 721 476 788 rel
497 719 811 806 aLaeouihas‘ejus
832 721 945 786 aetatis
966 719 1091 806 aliena,
1113 743 1197 810 quae
1213 719 1251 784 iu
1266 743 1366 786 saum

269 847 366 892 asum
387 830 576 890 amntere
597 821 715 888 noluit.
756 821 925 888 ·Ceterum
953 822 988 888 in
1010 822 1107 888 tertio
1127 821 1238 912 operia
1258 823 1365 886 nostri

267 927 354 994 libro
390 945 600 1042 quaeremus,
641 947 722 1013 quas
751 923 842 1014 loges
869 923 905 989 in
932 923 1080 990 dialectis
1108 921 1284 990 miscendis
1313 945 1364 990 se·

267 1035 588 1216 qu''usipiisliuorun
610 1123 775 1192 deeretua'u
803 1125 844 1192 de
865 1148 946 1214 paee
968 1149 1042 1190 eum
1061 1125 1198 1214 Argivis
1218 1126 1365 1194 iueuuda

267 1230 355 1321 appd
375 1225 611 1316 Thucydidem·
621 1227 662 1294 L.
685 1226 719 1291 V
746 1252 776 1292 e.
799 1228 842 1292 77
870 1225 1032 1294 Laeouiea
1059 1228 1197 1294 dialecto
1218 1229 1364 1296 conseri·

267 1342 360 1422 ptum
383 1329 485 1395 luisse
507 1340 640 1419 apparet
661 1327 805 1394 ererhis
827 1331 873 1390 roi
893 1332 954 1392 aaut
976 1329 1110 1410 σύμπας
1131 1353 1192 1420 pro
1212 1333 1269 1397 τοῦ
1282 1335 1364 1397 θεοῦ

266 1431 428 1516 θύματος,
459 1429 621 1496 haeouiea
648 1430 846 1520 proprietate
874 1429 1072 1518 insignibus.
1123 1429 1294 1497 Nonnulla
1315 1443 1363 1496 ta·

267 1559 343 1600 meu
373 1531 427 1600 rel
453 1532 659 1620 Thueydidis
689 1531 742 1597 rel
769 1527 978 1596 librariorum
1004 1532 1099 1622 eulpa
1125 1532 1166 1597 ad
1193 1533 1363 1622 vulgarem

266 1635 426 1700 rationem
443 1633 573 1698 redacta
593 1644 681 1698 suut.
714 1633 789 1698 ,lui
808 1631 983 1698 hibuimus
1004 1633 1164 1721 digamma
1184 1635 1220 1699 in
1242 1638 1363 1700 εἴκωντι

267 1737 444 1817 omiapum,
482 1734 534 1800 his
556 1759 593 1799 ov
613 1734 745 1824 saepius
765 1757 826 1822 pro
847 1733 1013 1800 Laeoaioo
1033 1761 1058 1798 os
1085 1735 1243 1826 seriptum
1271 1749 1362 1820 (uam

265 1835 476 1924 Thucydides
502 1835 667 1926 antiquam
696 1835 889 1923 scripturam
916 1845 1074 1925 sequutus
1107 1849 1280 1928 utrumque
1308 1863 1361 1906 ea·

265 1939 341 2004 dem
361 1938 456 2003 litera
478 1962 494 2002 o
516 1937 718 2027 expressisse
738 1937 903 2020 videtur),
935 1937 1099 2003 nescimus
1128 1939 1221 2004 illiue
1243 1963 1285 2005 au
1307 1942 1361 2006 his

266 2039 473 2125 ἀναιροῦντας
500 2061 561 2128 pro
582 2039 746 2106 Laconico
769 2038 967 2124 douoplonoc
987 2049 1020 2106 et
1040 2042 1205 2132 e'oootiesos
1224 2066 1285 2131 pro
1307 2045 1361 2108 ἔσ-

266 2143 396 2206 oionos.
449 2139 597 2206 Pessime
625 2141 666 2206 de
686 2139 824 2204 dialecto
845 2151 878 2204 et
897 2140 997 2227 hujus
1019 2141 1142 2206 decreti
1163 2151 1197 2208 et
1215 2144 1359 2210 foederis

264 2243 311 2328 V,
333 2243 394 2326 ⁷9,
430 2241 734 2330 quod'Argirorum
754 2239 899 2328 linguam
921 2243 1039 2326 refert,
1057 2242 1218 2328 judicavit
1238 2245 1358 2336 Poppo

263 2343 369 2410 Proll.
391 2341 499 2408 Thoe.
523 2343 540 2408 l
561 2367 595 2432 p.
616 2344 699 2425 234,
737 2365 845 2430 neque
866 2341 1038 2431 quisquam
1061 2341 1242 2428 intellexit,
1277 2346 1359 2436 quid

264 2445 437 2512 interesset
450 2443 536 2508 iuter
551 2442 673 2510 decreti
688 2455 720 2508 et
734 2441 875 2509 foederis
890 2439 1075 2508 dialectum.
1106 2442 1217 2526 Quare
1233 2456 1357 2515 utrum·

264 2547 384 2637 quein
406 2543 601 2634 Appendiee
623 2542 729 2608 denuo
751 2544 947 2609 recensitum
969 2543 1205 2611 exhibebimus.

346 2645 611 2734 insignissimum
631 2645 812 2710 Laconicae
834 2643 963 2712 dialecti
984 2645 1149 2736 specimen
1162 2649 1356 2742 Aristopha-

262 2771 322 2814 nes
344 2747 440 2814 nobis
460 2745 612 2836 reliquit,
635 2747 800 2813 laconum
821 2746 999 2812 orationem
1020 2748 1056 2813 iu
1077 2749 1256 2839 Lysian-ata
1276 2755 1356 2820 satis

262 2859 411 2916 accurate
431 2849 596 2932 imitatus,
616 2871 821 2936 quaequam,
843 2848 952 2937 siqua
971 2861 1104 2938 peecata
1124 2852 1294 2938 ridentur,
1317 2879 1356 2922 ea

264 2949 333 3016 noli
362 2949 471 3014 omaia
499 2949 642 3016 librariis
669 2949 841 3038 imputare.
865 2983 913 2996 ···-
969 2949 1078 3018 Simili
1099 2955 1195 3020 modo
1216 2955 1355 3044 Eupolis

261 3053 297 3116 ia
326 3051 500 3117 Helotibus
528 3051 686 3133 (Msiueb.
716 3051 879 3138 Fragmm.
909 3051 1037 3118 comm.
1069 3055 1128 3121 Gr.
1164 3057 1198 3121 11
1229 3081 1263 3145 p.
1287 3059 1351 3126 481

262 3147 371 3242 seqq'.)
404 3165 437 3219 et
464 3153 623 3244 Epilyeus
652 3152 687 3218 in
718 3151 907 3238 Coraliseo,
952 3153 1047 3240 eujus
1075 3159 1291 3244 fragmentum
1316 3159 1353 3224 iu

261 3255 455 3344 Appendiee
475 3255 676 3322 emendatius
695 3277 915 3345 apponemus,
938 3256 1099 3324 Laconica
1119 3257 1277 3326 nonnulla
1290 3261 1352 3328 At·

260 3355 335 3422 tiois
356 3355 654 3422 intermiscuerunt.

347 3455 497 3525 Chilonis
518 3455 656 3546 epistola
676 3455 763 3544 apud
782 3455 884 3544 Βίας.
901 3455 1010 3526 Laert.
1033 3461 1070 3544 l,
1092 3461 1134 3528 73
1155 3464 1266 3552 apuria
1286 3475 1349 3548 est,

261 3579 446 3647 quanquam
459 3557 654 3624 Laeouieam
672 3555 844 3622 dialectum
864 3557 1016 3626 imitatur.
1046 3562 1166 3630 Variae
1180 3563 1257 3630 fidei
1273 3575 1352 3630 sunt

261 3657 460 3741 eautileuae,
497 3659 672 3750 epistolae,
705 3656 973 3746 apophthegmata
995 3664 1161 3730 Laeonum
1182 3689 1200 3730 a
1222 3666 1351 3733 Plutar-

262 3761 323 3825 eho
344 3759 549 3848 potissimum
569 3752 710 3846 sorvita,
734 3787 872 3852 quorum
893 3789 950 3850 ea,
973 3789 1054 3855 quae
1069 3767 1262 3832 Laconicam
1282 3767 1350 3834 dia·

258 3859 379 3926 leetum
407 3860 516 3949 paullo
545 3863 725 3929 accuratius
760 3865 965 3956 exprimunt,
998 3866 1034 3932 iu
1060 3867 1254 3958 Appendiee
1282 3869 1350 3937 eol·

257 3959 410 4051 ligemus.

340 4053 518 4131 Decretum
538 4063 573 4129 iu
593 4063 800 4133 Timotheum
826 4089 844 4132 a
865 4067 1108 4154 grammatieulo
1128 4069 1239 4134 lictum
1259 4093 1344 4154 esse,

257 4163 315 4254 qui
335 4188 436 4256 quum
456 4165 615 4233 nonnulla
634 4167 846 4236 deLaoouiea
867 4167 1005 4236 dialecto
1019 4169 1116 4236 laudo
1131 4169 1343 4260 percepisset,

254 4263 410 4354 pleraque
430 4266 627 4338 foedissimis
640 4271 805 4338 erroribus
817 4281 979 4360 turparet,
1001 4270 1341 4340 verissimellli'allsrus
