2890 4812
269 401 345 480 322
646 399 703 472 De
727 394 992 496 conjugatione.

272 601 414 670 Couoid.
440 625 474 691 p.
496 597 560 666 263
584 597 674 678 (Per.
698 599 739 665 B.
764 598 920 674 ἔστωσαν)
940 611 974 666 st
992 601 1100 668 Ares.
1123 623 1157 690 p.
1183 599 1269 685 3263
1304 618 1370 664 sse·
1419 599 1420 620 ¹

271 709 348 796 pius
371 704 452 770 ἔστω
473 711 524 768 est
546 725 607 790 pro
627 700 767 790 plurali,
790 715 828 770 ut
850 703 892 768 de
907 703 1049 768 Concid.
1073 727 1106 792 p.
1118 701 1182 770 263
1209 699 1266 788 (B.
1285 699 1370 766 (1.1)
1419 761 1420 798 ,

272 809 446 886 ἔστωσαν),
480 829 515 894 p·
537 802 602 870 264
631 802 686 884 (Β.
711 803 751 868 C.
774 804 821 870 D.
844 805 930 870 Veu.
961 803 1137 886 ἴστωσαν),
1170 827 1204 892 p.
1227 803 1295 870 294
1316 801 1369 870 (Β.
1419 825 1420 876 ;

273 910 359 976 (1.1)
381 907 555 983 ἔστωσαν),
579 928 613 993 p.
625 903 687 971 301
710 901 770 990 (Α.
785 905 827 970 Β.
840 907 885 972 Β.
898 906 985 972 Ver.
1002 905 1162 984 ἔστωσαν,
1185 903 1227 970 C.
1246 903 1370 981 ἔστων),
1419 917 1420 960 ξ

274 1037 308 1102 p.
320 1009 384 1078 305
406 1008 484 1074 ἔστω
506 1009 542 1074 io
564 1006 671 1072 Busii.
693 1004 777 1091 (Ox.
799 1007 845 1074 A.
866 1009 908 1073 Β.
925 1007 969 1072 D.
993 1008 1154 1086 ἔστωσαν,
1178 1005 1219 1071 C.
1243 1002 1370 1088 ἴστων).
1419 997 1420 1010 ’

273 1113 379 1180 Vides
408 1105 569 1202 pi'ursicm
599 1107 678 1172 ἔστω
707 1109 799 1175 fures
828 1110 1059 1198 expellendum
1083 1134 1158 1176 esse
1179 1119 1212 1175 ct
1233 1107 1373 1172 ἔστωσαν

274 1227 331 1282 unt
358 1215 455 1278 ἔστων
482 1210 719 1300 reponendum.
776 1209 844 1276 Sed
872 1233 913 1276 ne
942 1213 1006 1287 hee
1030 1211 1165 1302 quidem
1185 1213 1313 1277 ios-urse
1334 1207 1372 1274 ud
1419 1269 1420 1280 .

277 1316 452 1408 genuinum
468 1311 627 1380 Doridem
648 1312 766 1376 reierri
787 1325 939 1402 possunt.
983 1311 1097 1379 Minus
1118 1337 1216 1405 segre
1237 1313 1372 1392 ferrem,

276 1418 384 1485 sicubi
405 1415 478 1480 ἔντω
499 1415 554 1481 vel
576 1413 668 1478 ἔπων
687 1413 864 1504 legeretur.
1419 1423 1420 1430 ¹

360 1515 623 1584 infinitivus
646 1507 726 1598 εἷμέν
747 1526 798 1582 est
819 1513 854 1581 iu
875 1509 1116 1584 recentioribus
1137 1516 1245 1582 titulis
1267 1516 1372 1582 Laeo-

276 1617 588 1697 11161813311335,
610 1616 735 1704 Meges.
757 1618 852 1702 1052,
876 1619 1000 1706 Amph.
1019 1617 1116 1702 1688,
1137 1618 1263 1708 Delph.
1282 1617 1370 1686 1693.
1419 1645 1420 1658 ¹

277 1719 492 1792 16901702.
518 1717 731 1786 17031704.
756 1719 850 1786 1706.
876 1721 970 1790 1707.
996 1719 1099 1804 1709,
1122 1720 1228 1786 Phoc.
1250 1717 1371 1797 8111,

276 1825 378 1892 Locr.
409 1821 512 1904 1567,
543 1819 656 1886 Aetol.
687 1819 793 1904 3046,
826 1821 951 1888 Acer-n.
977 1821 1080 1906 1793,
1115 1821 1253 1910 Corcyr.
1281 1819 1370 1888 1838.

278 1924 509 2006 1811-1841,
531 1921 672 2010 Byzsut.
685 1921 790 2006 2060,
813 1921 935 2012 Epieh.
951 1924 1006 1990 94.
1024 1923 1080 1990 95.
1093 1923 1154 2006 96,
1178 1923 1370 2014 saepissime

160 2089 163 2096 .
277 2028 365 2118 opud
378 2024 622 2092 Archimedem.
666 2023 835 2094 Rhodiaca
855 2025 959 2090 forms
982 2027 1110 2116 einero
1131 2037 1182 2091 e'st
1202 2025 1239 2090 iu
1264 2022 1370 2091 Rhod.
1419 2091 1420 2114 ¹

276 2127 375 2212 2525,
388 2129 422 2193 h.
440 2127 528 2196 2905
552 2137 586 2193 et
605 2127 725 2218 Agrig.
771 2123 925 2196 Severior
945 2125 1049 2192 Doris
1069 2121 1165 2209 ἦμεν
1186 2128 1372 2214 pronuntie-

278 2231 345 2315 rit,
378 2229 468 2319 quod
499 2229 622 2318 iegitur
652 2229 687 2294 in
717 2228 851 2294 Hercei.
884 2239 917 2292 et
938 2228 1090 2294 Creticis
1111 2228 1217 2294 titulis
1239 2227 1370 2314 majoris

279 2331 356 2398 iidei
377 2356 428 2396 ur.
445 2331 540 2400 2555.
557 2330 653 2398 2556.
673 2330 758 2398 2558
779 2331 890 2408 (ctiam
912 2328 1017 2412 2554,
1039 2330 1093 2396 68.
1116 2330 1217 2411 202),
1238 2331 1277 2395 ἱιι
1299 2327 1370 2394 Chi-

278 2433 367 2502 lonis
388 2443 422 2498 et
441 2429 650 2523 Epimenidis
680 2431 850 2521 epistolis,
883 2431 920 2496 in
952 2431 1041 2497 dicto
1070 2431 1238 2497 Lseouico
1266 2429 1370 2496 lustit.
1419 2439 1420 2510 ζ

279 2536 361 2603 Luc.
391 2559 425 2626 p.
449 2535 514 2602 212
540 2543 603 2600 etc.
657 2533 828 2600 Postremo
856 2531 945 2614 ἔμεν
972 2544 1023 2598 est
1051 2531 1086 2597 in
1116 2533 1207 2599 Cret.
1232 2531 1318 2600 3058
1343 2542 1370 2596 ct

279 2637 403 2726 Deiph.
427 2633 530 2719 1705,
553 2659 591 2712 e,
631 2634 686 2700 hic
715 2659 735 2700 r
762 2633 931 2701 Boechhio
961 2633 997 2700 in
1028 2631 1108 2718 εἶμεν
1129 2643 1249 2702 mutuis
1269 2655 1370 2726 neque

281 2741 419 2806 fortasse
439 2737 512 2804 illic
534 2736 687 2825 genuino.

362 2837 477 2904 hiiuus
498 2850 585 2904 reete
606 2832 682 2920 ἦμεν
701 2837 860 2922 nuditus,
898 2837 929 2904 si
950 2837 1031 2928 quid
1051 2837 1192 2928 reliquis
1212 2839 1369 2930 analogiis

279 2940 490 3008 trihocudu'm
511 2949 573 3022 est,
597 2938 632 3003 iu
654 2938 758 3004 Ther.
780 2941 878 3008 2418.
896 2939 941 3022 V,
966 2941 1024 3022 17,
1048 2941 1181 3029 Ansph.
1205 2941 1248 3008 R.
1275 2943 1293 3010 1
1317 2939 1366 3026 (C.
1419 2985 1420 3002 .

242 3039 257 3064 ⁰
280 3044 309 3108 l.
331 3041 430 3120 2177)
452 3053 486 3107 et
505 3043 544 3124 2,
577 3039 700 3130 quihus
728 3041 763 3106 in
790 3040 896 3108 titulis
925 3041 1057 3131 saepius
1084 3069 1105 3120 η
1133 3052 1166 3108 et
1187 3065 1214 3108 ec
1241 3054 1369 3133 propter

132 3179 137 3188 ·
280 3146 436 3210 ductuum
465 3141 715 3208 similitudinem
743 3153 924 3233 permutato
955 3153 1051 3221 sunt,
1085 3141 1206 3210 deinde
1226 3147 1366 3210 Acheru.
1419 3199 1420 3202 ,

279 3245 354 3312 707.
377 3244 452 3312 738.
505 3243 628 3308 Contra
656 3241 736 3324 εἶμεν
764 3243 849 3310 mele
871 3267 909 3310 so
927 3243 1025 3310 hehet
1045 3246 1082 3310 iu
1102 3245 1211 3312 titulis
1234 3245 1368 3312 Creticis

280 3346 417 3412 minoris
439 3345 516 3410 {idei
537 3343 642 3428 2551,
665 3345 707 3412 85
734 3357 767 3411 et
787 3347 885 3430 2557,
908 3347 949 3414 15
978 3355 1012 3412 et
1032 3347 1157 3414 Lacon.
1182 3351 1287 3434 1511,
1316 3344 1367 3412 uhi

280 3473 298 3514 a
322 3449 490 3514 Bocekhio
512 3471 553 3513 ex
574 3472 688 3512 ss...o
708 3448 896 3514 restitutum
914 3461 984 3532 est,
1015 3473 1077 3515 uec
1097 3449 1210 3516 miuus
1230 3455 1266 3516 iu
1287 3449 1367 3516 dicto

280 3547 448 3616 Laconico
471 3543 638 3615 Plutus-eh.
661 3547 746 3637 [aye.
769 3571 800 3616 e.
813 3550 846 3616 6.
890 3549 994 3639 Apud
1007 3547 1239 3640 Thucydidem
1259 3551 1303 3635 V,
1319 3549 1365 3616 77.

280 3653 343 3736 79,
379 3649 438 3718 uhi
465 3649 544 3716 lihri
573 3663 743 3740 utromque
773 3652 909 3718 formum
935 3652 1113 3742 prsehent,
1144 3653 1181 3718 in
1210 3652 1368 3722 Laconico

281 3753 412 3820 decreto
433 3777 465 3819 c.
487 3755 529 3820 77
551 3749 628 3835 ἦμεν
649 3753 899 3843 praeferendum
921 3765 993 3832 est,
1025 3755 1062 3820 iu
1082 3755 1284 3845 Argivorum
1303 3755 1367 3820 roe-

280 3855 357 3921 dere
378 3880 408 3920 c.
432 3857 475 3924 79
495 3855 586 3938 εἶμεν.

364 3957 567 4046 Longiorem
589 3948 724 4022 ior-meru
754 3959 930 4040 εἴμεναι,
964 3979 1048 4050 quse
1076 3957 1200 4048 legitur
1227 3959 1363 4024 nesam.

279 4057 340 4136 741
365 4069 399 4122 et
420 4057 498 4125 iude
519 4060 654 4148 sGreg.
668 4057 708 4124 C.
726 4061 790 4126 227
805 4059 927 4126 Dorice
947 4071 1100 4145 vocetur,
1122 4083 1221 4151 cupre
1242 4054 1365 4146 §.38,5

279 4157 314 4221 in
337 4158 557 4247 suspicionem
579 4159 776 4229 vocirimus.
825 4161 926 4248 Pejus
947 4163 1043 4230 etism
1065 4163 1264 4230 Lesbiscum
1284 4159 1366 4242 ἕμμε-
1419 4229 1420 4236 ,

279 4285 331 4374 our
352 4258 512 4327 Doricum
542 4263 663 4329 dicitur
693 4264 728 4329 iu
756 4265 845 4329 Anu.
870 4263 957 4328 Oxx.
981 4267 1020 4350 1,
1044 4263 1216 4350 130,17,
1246 4255 1363 4330 11551·
1419 4339 1420 4352 ,
