2920 4812
236 387 312 468 180
641 387 698 459 De
724 383 921 460 vocalibus.

240 613 300 655 vus
324 597 452 678 prseter
472 583 580 660 Aaro'c
601 608 651 649 nr.
677 585 762 654 1688
789 608 855 650 non
884 583 1018 673 legitur.
1073 584 1188 675 ltsqne
1216 583 1252 648 in
1279 580 1331 648 lris
1445 581 1446 588 '

240 715 320 758 usus
342 689 407 756 sibi
429 687 537 752 minns
556 686 744 752 constitisse
773 685 914 752 videtur.
969 684 1122 752 Ceterum
1150 685 1185 750 in
1214 683 1331 751 iisdern

240 792 345 860 titolis
358 787 630 880 praepositionem
654 791 685 863 ἐς
708 793 767 878 pr'o
790 792 833 864 εἰς
853 811 927 854 esse
949 787 1032 869 (nisi
1048 787 1135 877 qnod
1157 789 1201 862 εἰς
1223 784 1333 852 nescio

242 919 308 986 quo
329 915 406 958 cosu
428 915 479 956 nr.
502 889 606 973 2556,
631 891 706 972 ll),
728 889 918 956 docebimus
939 891 972 974 ξ.
996 890 1049 956 43.

326 995 365 1060 ln
387 993 508 1058 trlsulis
529 991 820 1074 Herscleensilsns,
843 1015 926 1082 quse
943 991 1089 1080 reliques
1111 989 1334 1079 correptiones

243 1099 396 1188 ignorent
417 1095 506 1175 (uem
528 1093 688 1182 praebent
708 1091 769 1168 soie
789 1093 919 1178 χώρως,
948 1092 1252 1176 καταλυμακωθὴς),
1285 1089 1333 1154 ἰιι·

244 1197 390 1265 finitivus
418 1219 484 1261 non
511 1205 695 1260 conuectos
723 1194 903 1284 proesentis
938 1193 1128 1285 saepissime
1152 1205 1185 1262 et
1207 1214 1336 1282 semper

166 1291 169 1296 ⁵
244 1299 391 1366 ultinrsrn
404 1289 570 1386 corripit,
600 1319 660 1360 nee
683 1295 979 1374 resolutiones,
1003 1298 1083 1386 qnin
1106 1294 1262 1361 inlinitiri
1282 1316 1335 1358 ιο·
1447 1289 1448 1300 ’

245 1400 318 1468 risti
332 1399 476 1466 secundi
499 1409 533 1462 et
552 1397 724 1464 verborum
746 1396 780 1460 in
806 1419 846 1460 ιω
867 1396 944 1462 item
969 1398 1002 1463 in
1026 1423 1057 1462 ev
1078 1397 1198 1463 exituri
1212 1405 1335 1472 essent,

246 1503 277 1568 si
298 1501 444 1589 exemplo
466 1499 639 1582 adessent,
671 1497 1029 1590 Pseudo-Pythagorei
1056 1499 1144 1566 enirn
1172 1521 1246 1564 euru
1269 1495 1337 1560 Do·

245 1603 381 1668 risrnnrn
410 1601 522 1691 psello
553 1599 802 1690 reconditioreno
828 1623 847 1666 e
877 1601 1031 1689 genuinis
1058 1601 1337 1690 Pytlrgorcor'nsn

227 1692 381 1794 'scriptis
403 1701 602 1769 ltsliotsrurn
625 1701 750 1768 Doride
777 1701 846 1766 usis
867 1703 1039 1792 adoptasse
1059 1702 1221 1767 videntur.
1275 1698 1338 1764 En·

248 1805 322 1870 dens
343 1803 425 1870 rotie
446 1814 497 1869 est
517 1803 604 1868 tituli
628 1801 751 1868 Cretici
772 1825 822 1866 nr.
839 1803 945 1888 2554,
966 1805 1023 1894 qui
1042 1803 1250 1870 Dlontiorusn
1271 1799 1339 1864 dis·

248 1906 369 1972 leetum
391 1905 561 1993 exprimit,
590 1929 664 1970 nens
687 1915 720 1970 et
733 1906 944 1972 'sccnsstivos
965 1907 1001 1972 in
1026 1933 1069 1983 ως
1091 1901 1158 1971 elis
1179 1916 1212 1970 et
1232 1901 1339 1968 inlini-

248 2007 338 2074 tivns
362 2007 397 2071 in
421 2031 472 2088 ιι,
502 2005 544 2071 its
566 2017 673 2072 temen
696 2019 731 2072 ot
751 2007 904 2096 vnlpsces
924 2009 1065 2082 lor-se,
1090 2031 1173 2097 quoe
1194 2017 1245 2072 est
1266 2005 1340 2091 ejus
1449 2012 1450 2068 l

250 2108 416 2190 conditio,
438 2107 732 2174 intermiscesntnr.
776 2107 815 2173 ln
837 2109 1016 2176 Veriorurn
1039 2109 1168 2176 decreto
1189 2131 1240 2174 nr.
1256 2105 1342 2173 3050

251 2210 455 2277 sccusstivns
477 2209 614 2298 plnrslis
636 2209 759 2276 desinit
779 2209 813 2275 in
838 2237 890 2285 ovo
916 2210 983 2277 vid.
1006 2213 1037 2296 ᾗ.
1063 2213 1124 2295 14,
1157 2207 1342 2276 infinitivus

253 2311 438 2394 dsepvlcidss
473 2333 533 2400 pro
566 2310 788 2392 διαφυλάσσειν
819 2313 966 2380 ultimum
998 2313 1134 2405 corripit
1175 2309 1342 2400 (vulgetis

253 2413 356 2480 l'ornrs
379 2411 574 2488 συιιπαύξιιν
594 2411 753 2501 lepieidse
774 2411 945 2499 debetur),
969 2415 1263 2508 neqnelstiornnr
1287 2410 1343 2475 de·
1450 2398 1451 2446 t

253 2525 399 2596 cretum,
422 2513 509 2603 qnod
529 2537 604 2579 cnrn
625 2513 684 2580 illo
707 2515 850 2604 priseorn
876 2517 965 2584 istud
987 2543 1020 2592 νς
1042 2539 1211 2582 conunune
1232 2512 1342 2592 hebet,

254 2615 409 2682 infinitivi
441 2616 534 2680 slisnr
566 2617 700 2682 lorinsnr
729 2617 897 2702 hebuerit,
938 2641 1038 2708 qnorc
1068 2641 1128 2707 pro
1156 2613 1341 2702 εὖχαρισιιι.

257 2716 423 2784 Clrishnlli
451 2716 503 2782 rel
530 2715 711 2802 εὖχαρισται
738 2718 891 2785 Shcrordi
919 2719 1030 2810 potius
1058 2717 1234 2806 ιῠχαριστιί
1263 2716 1344 2782 scri·

254 2818 396 2885 bendum
417 2817 544 2883 videtur
564 2843 660 2907 quern
683 2843 757 2885 curn
774 2821 940 2888 Doeclrlrio
962 2821 1161 2908 εὐχαριστεῖν.
1208 2817 1245 2904 Si
1268 2818 1345 2903 τρά-

257 2944 313 3004 φεν
337 2921 480 2986 Acheru.
495 2919 558 2986 754
578 2920 699 2987 certius
722 2922 905 2990 habendum
928 2935 996 3008 est,
1018 2947 1115 3014 quern
1138 2924 1261 2988 l'orrnse
1283 2918 1344 2984 ibi·

257 3022 330 3088 dem
361 3021 395 3086 in
423 3045 467 3085 sur
494 3033 671 3108 exeuntes,
705 3023 800 3090 etism
822 3025 1032 3116 Megsrcnsss
1053 3026 1142 3092 solos
1164 3020 1345 3089 infinitivus

256 3123 456 3212 corripuisse
482 3122 653 3208 videntur,
688 3149 748 3193 nec
778 3127 886 3194 rninns
908 3127 1078 3209 Alcesini‚
1114 3126 1144 3193 si
1171 3125 1206 3190 in
1232 3145 1346 3189 eornm

204 3231 208 3242 '
256 3211 403 3292 terminis
425 3227 594 3308 sepnsuos'e
614 3238 701 3293 recte
722 3227 873 3294 truditunr
896 3239 959 3294 est.
1003 3228 1124 3311 Vides,
1146 3225 1347 3294 infinitivum

257 3351 334 3417 pree
355 3325 493 3416 reliquis
513 3327 554 3392 sd
576 3328 812 3418 correptionem
833 3330 1004 3397 inclinare.

283 3453 287 3462 ’
342 3428 441 3517 Apud
474 3428 620 3519 reliquos
651 3429 856 3514 Dorienses,
896 3443 929 3498 et
961 3431 1109 3497 Lseones
1147 3439 1180 3494 et
1216 3425 1348 3492 mitiore

260 3529 384 3600 Doride
423 3551 529 3612 usos,
569 3532 669 3620 vulgo
710 3533 823 3600 ultime
861 3533 987 3622 syllaba
1014 3530 1181 3622 ’producto
1213 3527 1350 3596 tenebe-

258 3643 313 3696 tur
340 3630 406 3714 its,
438 3641 474 3695 nt
502 3631 542 3696 sd
571 3635 807 3722 correptionem
836 3635 993 3726 proclivis
1022 3639 1189 3724 psit-rnre
1211 3625 1350 3696 srlsitrio

258 3732 294 3798 in
328 3743 498 3822 utromque
531 3746 653 3822 portem
685 3738 831 3804 serviret
885 3737 933 3804 lte
960 3737 1080 3802 lectum
1112 3745 1180 3814 est,
1220 3743 1256 3798 nt
1283 3729 1350 3796 At-

258 3857 353 3900 crnsn
388 3831 566 3923 Spsrtsnus
600 3838 764 3928 corripere
799 3851 935 3931 posset,
974 3861 1058 3928 quse
1088 3837 1189 3926 vulgo
1221 3834 1255 3898 iu
1284 3832 1351 3898 Ln-

180 3983 185 3996 .
260 3936 374 4004 conice
405 3935 543 4002 dialecto
570 3939 793 4025 prodncnntnr
825 3933 973 4024 (sponde,
1003 3941 1104 4018 Atto,
1139 3937 1257 4014 ortuo,
1288 3935 1352 3998 ὑπ-

262 4040 386 4121 αυλὲι),
419 4061 480 4103 nec
506 4037 671 4126 Tyrtsens
700 4061 741 4108 cr
772 4041 838 4108 elio
868 4043 958 4108 l'onte
980 4041 1117 4122 δημότᾶς
1144 4051 1177 4104 et
1198 4035 1353 4112 tenores

260 4140 415 4208 denserit.
465 4139 589 4204 Eodem
616 4143 700 4208 rstio
729 4155 779 4210 est
798 4143 1014 4231 correptionis
1034 4143 1068 4207 in
1093 4139 1196 4222 ἅφύἅς
1215 4151 1278 4204 etc.
1303 4151 1353 4203 nt·

259 4263 325 4330 que
347 4239 399 4317 τός
421 4241 507 4332 opud
528 4240 776 4332 Epichsrmunr,
806 4237 902 4321 solio
925 4245 1010 4326 cipio
1031 4243 1065 4310 in
1089 4239 1354 4322 Chelidonium,
