2920 4812
78 395 83 404 .
245 341 318 416 184
644 341 701 412 De
731 337 930 412 vocalibus.

244 543 323 610 latet
350 542 519 609 verissima
547 541 707 632 scripturn
737 549 831 623 είίιοι,
873 541 913 609 de
944 563 1008 631 qua
1040 539 1221 608 accuratius
1255 539 1348 606 infra

246 644 486 736 disputabimus
507 642 540 726 §-
563 643 608 710 42
632 667 660 709 s.
684 667 715 708 v.
739 649 810 708 ίκοι.

331 747 365 826 3)
408 774 420 809 ι
447 768 519 836 pro
549 769 586 810 ει
606 756 657 811 est
677 746 713 810 in
735 746 896 824 Flacco,
930 743 1020 834 quod
1040 743 1075 809 in
1096 743 1348 834 antiquioribus

247 845 352 914 titulis
372 847 515 936 legitur,
544 855 577 911 et
597 847 679 908 ίτατι
699 869 759 935 pro
782 847 901 931 εἴκοσι,
929 848 1055 910 Paleou
1071 847 1142 933 jam
1164 847 1270 913 estin
1298 857 1350 912 ta·

245 948 395 1016 bolarum
416 947 691 1014 flemmmdum
721 947 844 1031 altera,
879 949 976 1016 είτατι
1004 948 1039 1014 in
1069 947 1204 1038 Corcpr.
1236 947 1349 1034 18403
1440 1023 1441 1042 Χ

125 1065 127 1070 ·
247 1050 284 1114 in
313 1047 418 1114 titulis
439 1047 630 1116 Alexandro
659 1048 897 1115 recentioribus
919 1048 1066 1114 Atticum
1095 1051 1194 1114 εἴκοσι
1215 1073 1351 1116 assum·

246 1160 339 1242 ptum
368 1148 435 1234 est,
468 1151 535 1216 vid.
562 1149 670 1235 §.mid
727 1147 858 1216 Deinde
887 1148 1067 1216 Ποτῖδάν
1095 1159 1129 1216 et
1159 1153 1352 1227 Πστῑδάς
1440 1151 1441 1216 ί

151 1287 155 1298 ,
214 1314 220 1326 ,
246 1251 448 1340 antiquiores
476 1249 618 1318 Doricae
645 1252 767 1318 formae
795 1275 867 1318 esse
894 1251 1048 1319 videntur
1073 1275 1133 1340 pro
1165 1253 1350 1332 Ποσειδῶν,

247 1354 446 1419 recentiores
463 1353 627 1436 1Ποτειιίιίε
655 1365 688 1419 et
711 1353 890 1431 Ποσειδιίο,
923 1353 992 1420 vid.
1015 1353 1047 1436 ξ.
1071 1353 1124 1420 31.
1152 1435 1158 1448 Ι
1178 1354 1218 1420 ln
1244 1353 1352 1422 titulo

247 1455 413 1522 Laconico
445 1479 497 1521 nr.
522 1455 602 1532 1511
634 1454 658 1519 l.
682 1456 714 1520 2.
740 1455 781 1520 15
807 1454 992 1539 Δορικός
1023 1478 1096 1522 esse
1124 1454 1254 1520 videtur
1285 1481 1352 1548 pro
1392 1489 1394 1496 ·
1440 1531 1441 1558 q

249 1553 420 1640 Δορεικός.
466 1555 636 1631 (Alienum
658 1567 709 1622 cst
730 1553 872 1642 εὐσεβίας
898 1579 960 1646 pro
981 1553 1139 1638 εὐσεβείας
1162 1555 1285 1646 (lyron.
1317 1561 1350 1626 1.
1440 1645 1441 1648 Ἴ

247 1659 341 1726 scr.
372 1655 495 1724 Buttm.
525 1657 558 1722 11
584 1682 617 1747 p.
641 1657 729 1738 416).
785 1655 918 1724 Certius
946 1669 1093 1742 constat,
1127 1657 1353 1748 antiquiorem

248 1757 408 1826 Doridem
429 1761 566 1850 longum
588 1765 603 1819 ῐ
622 1783 787 1842 servasse,
812 1759 901 1850 quod
922 1757 1141 1848 contrahendo
1164 1784 1205 1825 ex
1227 1787 1279 1840 ιο,
1309 1787 1352 1841 τε,
1440 1795 1441 1856 q

251 1889 276 1928 ιι
295 1873 405 1928 natum
427 1873 487 1928 cst.
533 1861 706 1952 Leguntur
728 1863 816 1927 enirn
838 1861 939 1928 dativi
960 1861 1033 1928 πόλι
1053 1861 1185 1928 Heracl.
1209 1861 1246 1946 1,
1270 1863 1352 1948 108,
1440 1865 1441 1886 ¹

250 1962 395 2048 Λυγδάμι
416 1975 447 2028 et
468 1962 618 2048 Σχιιοὺρι
639 1959 774 2053 Corcpr.
797 1963 898 2041 1840,
935 1988 1035 2053 quum
1063 1963 1099 2028 in
1115 1964 1282 2036 ,omnibus
1309 1966 1353 2029 ti-

249 2063 330 2130 tulis
351 2065 540 2131 Alexandro
570 2063 807 2130 recentioribus
835 2065 981 2153 vulgaris
1012 2063 1197 2132 terminatio
1218 2087 1254 2127 ει·
1267 2088 1355 2132 con·
1440 2079 1441 2112 ³

184 2225 186 2231 ,
252 2165 428 2257 spiciatur,
459 2165 527 2234 vid.
560 2167 591 2251 ᾗ.
613 2165 718 2250 30,5
752 2163 844 2252 (nam
865 2169 972 2252 Στείρι
1000 2167 1035 2232 in
1064 2165 1209 2232 Phocion
1229 2165 1354 2234 Roscii

252 2293 310 2336 nr..
327 2269 369 2335 73
398 2291 464 2334 non
495 2265 603 2334 minus
625 2267 785 2358 lapicidae
807 2267 1010 2360 negligentia
1031 2279 1197 2332 exaratum
1217 2265 1355 2335 videtur
1440 2307 1441 2326 ι

251 2393 347 2459 quarn
369 2369 393 2434 l.
419 2369 460 2436 14
480 2369 667 2454 γενηθῒσα),
690 2369 808 2434 deinde
828 2373 914 2454 τρῖς
935 2395 995 2460 pro
1015 2369 1217 2436 nominativo
1241 2379 1274 2434 et
1297 2364 1367 2437 ae·'

251 2471 398 2537 cusativo
418 2471 502 2552 τρεῖς
524 2494 542 2536 c
562 2471 644 2552 τρίες
665 2479 698 2535 et
717 2475 805 2556 τρίσς
826 2473 950 2562 legitur
971 2472 1006 2537 in
1022 2469 1160 2538 Heracl.·
1178 2481 1210 2536 ct
1223 2469 1353 2558 Brutt,
1440 2505 1441 2532 t

252 2573 337 2655 τρεῖς
353 2571 423 2658 jam
446 2571 481 2636 in
503 2567 626 2662 Delph.
651 2571 754 2657 1690,
786 2573 843 2663 qui
865 2573 971 2640 honae
992 2572 1106 2640 aetatis
1128 2583 1199 2656 est,
1232 2585 1356 2662 qnater

253 2673 415 2764 reperitur
439 2695 500 2738 nec
522 2678 633 2739 minus
655 2674 689 2739 in
712 2671 950 2740 recentioribus
971 2675 1135 2758 omnibus,
1157 2673 1224 2739 vid.
1241 2677 1274 2758 ἓ.
1294 2675 1352 2742 34.

340 2774 461 2844 Contra
491 2799 518 2838 ει
545 2799 605 2866 pro
634 2773 797 2866 volgari?
819 2775 977 2868 scriptum
999 2777 1160 2868 reperitur
1181 2775 1217 2840 in
1238 2775 1356 2844 futuro

255 2889 288 2944 et
309 2875 430 2942 aoristo
451 2877 468 2942 l
489 2877 581 2943 verbi
603 2879 693 2956 τίιάο,
717 2887 754 2942 ut
767 2875 899 2944 Heraci.
916 2878 946 2960 l,
962 2878 1002 2944 61
1026 2877 1201 2956 ἀποτείσει,
1224 2877 1352 2968 Amph.
1440 2869 1441 2948 ]

255 2979 358 3062 1688,
387 2979 441 3045 40.
463 2978 517 3046 46.
542 2977 585 3044 17
617 2976 763 3066 ἀποτείσῃ
794 2988 827 3042 et
856 2975 1083 3045 incusandum
1111 2981 1175 3044 lss.
1202 2979 1285 3046 18³4
1321 2991 1357 3046 et
1440 2973 1441 3036 1

254 3079 364 3146 Rhod.
388 3079 537 3164 2525,1).
564 3077 623 3145 101
648 3078 861 3156 ἀποτεισάτω,
885 3080 987 3146 Ther.
1011 3079 1073 3160 IV,
1094 3081 1127 3148 2.
1150 3077 1193 3145 86
1214 3079 1356 3165 εἰιτείση,
1440 3089 1441 3142 ί

255 3179 447 3246 ἀποτεισάτω
469 3192 556 3264 etc,
590 3181 668 3247 item
697 3182 876 3249 derivatum
905 3181 1064 3266 Τεισάτωρ
1087 3181 1159 3264 111,
1181 3179 1243 3263 25,
1280 3188 1357 3246 Τις.
1440 3167 1441 3210 ί

59 3283 65 3296 ’
201 3319 206 3330 ·
257 3284 392 3366 σσνδρος
412 3281 557 3349 Μεετεο.
582 3282 777 3349 Torremuc.
803 3283 838 3368 l,
862 3283 915 3352 16.
961 3281 1082 3350 Contra
1103 3303 1258 3371 praesens
1282 3302 1357 3350 ser·

255 3394 309 3449 rat
338 3411 350 3448 ι
377 3382 411 3448 in
442 3382 568 3473 ἀποτίσῃ
598 3387 719 3476 Amph.
751 3383 856 3468 1688,
877 3387 938 3470 20,
972 3385 1059 3451 unde
1087 3384 1200 3470 colligi
1228 3393 1355 3473 potest,
1440 3397 1441 3482 j

256 3484 321 3550 iota
342 3496 534 3576 correptum
550 3508 624 3552 esse
652 3497 689 3552 nt
709 3487 744 3552 in
767 3489 909 3552 τίνεσθαι
930 3487 1017 3578 apud
1039 3475 1277 3552 Pindarum'P.
1302 3487 1355 3573 11,
1440 3543 1441 3560 ,

255 3587 317 3670 21,
342 3585 400 3676 qui
423 3615 435 3650 ι
455 3587 606 3676 producit
627 3587 662 3652 in
684 3591 807 3669 sinopes
830 3589 886 3656 01.
910 3589 981 3674 xl,
1006 3589 1065 3671 12,
1095 3585 1199 3652 ἔτισαν
1221 3585 1277 3651 01.
1303 3589 1356 3664 ΙΙ,

212 3755 215 3762 ,
256 3687 310 3754 tt.
367 3685 454 3754 Cave
482 3689 669 3772 existimes,
704 3689 788 3756 illud
818 3715 845 3754 ετ
875 3691 978 3758 malac
1014 3689 1195 3778 scripturae
1224 3689 1355 3776 deberi,

257 3810 357 3876 (μοστ
386 3787 582 3876 optimorum
611 3791 781 3858 titulorum
809 3815 993 3876 consensu,
1030 3791 1187 3880 aquibus
1208 3815 1236 3854 ει
1257 3813 1358 3880 proc
1440 3811 1441 3838 ί

258 3887 425 3954 scribendi
447 3915 518 3958 mos
534 3891 759 3959 alienissimus
774 3904 840 3970 eat,
866 3894 1084 3960 confirmetur.
1130 3891 1247 3958 Potius
1261 3895 1357 3957 πείσω
1393 3889 1398 3904 ’
1440 3949 1441 3960 .

259 3989 407 4056 eradice
428 4016 457 4056 τι
478 3993 590 4058 eadem
612 3993 789 4060 mutatione
817 3996 937 4062 iactum
966 4005 1036 4078 cst,
1069 3993 1133 4084 qna
1162 3996 1276 4076 λείψω,
1312 4001 1359 4058 εί-
1440 4061 1441 4094 q

261 4115 374 4171 σομσι,
407 4093 498 4156 ἀείσω
520 4117 538 4158 ο
561 4095 726 4162 radicibus
748 4104 817 4172 ίιπ,
846 4099 875 4173 ί,
907 4098 948 4160 δι.
981 4135 1020 4146 -
1064 4093 1190 4160 Eodem
1211 4094 1358 4184 pertinet
1440 4095 1441 4100 ’

157 4245 162 4254 .
261 4193 312 4254 τίω
333 4216 392 4282 pro
413 4195 451 4260 ίω
473 4193 629 4284 Sophr.2
652 4196 704 4264 ιίιά
725 4199 898 4280 διφθόγγσυ
917 4206 1055 4264 testante
1077 4195 1186 4286 Etpm.
1210 4195 1258 4262 Μ.
1276 4198 1354 4280 123,
