2888 4818
348 433 381 524 §.
409 435 467 509 30.
522 437 578 510 De
604 433 840 510 declinatione
866 435 927 510 lll.
1107 439 1184 514 229

87 635 212 700 dentur
232 641 424 720 τραπιζηιᾶν
446 645 542 704 eorde
563 641 653 728 lhye.
677 642 740 722 49,
776 645 834 704 τᾶν
863 645 952 724 σι’γᾶν
972 637 1112 706 Theoer.
1137 639 1182 722 V,

89 737 174 818 145,
208 742 393 802 τᾶν-λευκᾶν
415 743 503 822 aipein
524 741 628 824 Vlll‚
652 742 694 808 49
714 765 773 828 pru
796 745 916 820 κυνῶν,
950 745 1067 824 ut'ynie,
1101 765 1184 830 quae

87 839 190 904 l'aeile
218 865 235 903 a
267 839 413 906 librariis
440 842 480 906 ed
513 843 689 908 vicinarum
710 843 972 908 terminationem
996 841 1183 908 aintilitndi-

87 965 166 1007 nem
190 941 386 1006 conlormari
409 953 567 1034 poterant.
626 943 664 1010 Si
684 958 790 1010 tamen
813 955 889 1010 sunt
909 943 950 1008 eh
972 943 1055 1032 ipsis
1077 942 1184 1031 potitis

88 1043 261 1132 prolecta,
278 1055 369 1108 certe
393 1043 474 1110 nihil
497 1058 548 1111 cst
568 1069 627 1110 cnr
647 1045 768 1110 Dorica
790 1046 1027 1112 existimemus.

176 1144 213 1226 3)
257 1144 441 1210 Delirus
472 1147 654 1235 pluralis
684 1147 783 1236 vulgo
814 1148 848 1210 in
882 1145 986 1212 titulis
1016 1145 1183 1236 vulgarem

89 1245 356 1312 terminationem
379 1251 456 1326 σι(ν)
478 1272 543 1316 non
558 1249 733 1338 relinquit,
757 1272 840 1336 qnae
860 1249 981 1336 legitur
996 1247 1030 1312 in
1044 1247 1183 1336 Tegeae.

90 1350 207 1416 llhnd.
230 1347 331 1414 Ther.
355 1347 568 1431 Messenis,
592 1351 726 1438 Corcyr.
751 1351 853 1431 1845,
874 1351 928 1416 dt).
952 1350 994 1416 93
1017 1351 1183 1432 αἱρεθεῖσι,

91 1451 188 1518 Cret·
212 1449 298 1518 2556
318 1453 444 1514 διδῶσιν
475 1463 508 1516 et
535 1451 754 1536 προγεγονόσι,
789 1451 873 1518 2555
895 1450 1083 1534 εὐορκῶσι,
1102 1450 1186 1516 2558

94 1551 245 1638 ιίςάγωσι
266 1563 298 1617 et
319 1551 450 1634 ἐξάγωσι
481 1551 531 1636 (in
555 1553 674 1642 quihus
697 1579 720 1615 ω
743 1577 801 1642 pro
824 1577 860 1617 ου
882 1563 931 1618 est
953 1551 1130 1618 secundum
1151 1551 1182 1634 ᾖ

89 1655 158 1738 2⁰,
183 1656 218 1720 2.
241 1653 298 1739 h),
332 1679 393 1720 nee
415 1654 524 1718 minus
545 1659 650 1740 χερσίν
671 1655 755 1742 apud
778 1655 980 1744 Sophrouem
1004 1654 1044 1718 ir.
1067 1651 1119 1718 65.
1144 1694 1184 1704 -

91 1753 249 1844 Longior
276 1755 461 1820 terminatio
489 1757 630 1838 εσσν(ν)
665 1757 734 1822 sola
763 1767 878 1846 regnat
900 1756 933 1820 in
956 1756 1085 1820 decreto
1106 1755 1185 1818 Arn-

89 1857 309 1948 pliictponum
331 1882 382 1922 ur.
410 1857 512 1938 1688,
536 1857 592 1922 nbi
614 1859 636 1924 l.
662 1858 703 1924 39
724 1855 998 1939 ἱερομνημόνισσι,
1022 1856 1044 1920 l.
1067 1857 1121 1922 21.
1144 1857 1187 1920 14

89 1960 271 2040 πάντεσσι,
304 1981 444 2047 quocum
474 1961 622 2025 conteras
644 1958 791 2022 πάντεσσι
814 1957 847 2022 in
871 1957 1002 2022 oraculo
1024 1956 1186 2044 Delphico

88 2061 183 2151 apud
204 2060 459 2126 Demosthenem
480 2059 563 2124 llil.
587 2085 619 2150 p.
640 2061 721 2144 5313
744 2058 861 2124 deinde
884 2059 917 2121 ln
941 2057 1076 2145 θοι-ομ.
1092 2057 1185 2137 1845,

89 2165 145 2230 39.
172 2162 217 2228 63
237 2161 452 2244 Ἀρμάτεσσι,
489 2162 553 2230 1οοί
574 2161 742 2248 enjusdam
765 2159 940 2250 appellatio
961 2159 1095 2226 eundem
1118 2181 1186 2222 ser·

90 2437 163 2488 ρνιν.
187 2445 220 2456 -
248 2417 337 2467 Auni
352 2413 576 2478 τοὲσχὶσονις
594 2409 733 2462 ἀκούετε
752 2407 960 2480 Σινρηνάοιν,
976 2403 1184 2476 Ἐπὸχαρμοο

90 2500 335 2559 martensele
355 2503 408 2559 ὅς’·
444 2501 542 2551 anlol
562 2497 690 2566 νησαίων
713 2495 858 2569 ἀστέρες.
888 2525 914 2538 -
954 2491 1188 2548 Schneidewinna

92 2605 210 2644 versun
235 2587 364 2642 Sirenum
389 2586 499 2640 tabulae
524 2583 681 2638 addendum
706 2583 813 2638 censuit
837 2591 899 2652 post
915 2579 1040 2634 Eustath.
1061 2577 1187 2632 Prooem.

92 2697 121 2748 p.
135 2680 193 2740 53,
212 2689 366 2742 quenquam
386 2671 562 2726 heroicorum
583 2685 708 2724 veranum
726 2669 761 2721 ab
780 2667 949 2738 Epicharmo
967 2664 1189 2720 intermixtornm

91 2765 207 2817 nullum
227 2760 304 2814 aliud
324 2760 471 2826 vestigium
490 2769 575 2812 extat.
622 2757 656 2809 Et
682 2755 743 2824 ipse
767 2753 909 2824 genitivus
926 2751 1074 2822 Σορπνσίον
1095 2750 1189 2802 aDo-

91 2851 155 2905 rica
184 2845 347 2914 Epicharmi
372 2845 510 2905 dialecto,
544 2861 616 2911 quae
641 2859 675 2894 ne
699 2842 727 2896 in
754 2840 844 2910 prima
869 2839 981 2905 quidem
1001 2835 1189 2890 declinatione

90 2955 153 2992 eam
177 2933 398 2989 terminationem
417 2929 557 2996 admittit,
576 2927 748 2983 alienissima
767 2938 815 2979 est.
852 2923 990 2978 Convenit
1006 2921 1189 2984 Callimacho,

91 3025 143 3093 qui
163 3021 270 3090 νησόον
292 3035 374 3074 ansus
399 3031 439 3072 est
458 3019 560 3087 Hymn.
580 3015 645 3068 Del.
667 3017 709 3070 66.
731 3015 782 3068 275
805 3023 833 3065 et
859 3011 1030 3076 reliquorum
1054 3007 1191 3075 fragmen-

91 3125 191 3166 torum
214 3123 300 3178 supra
325 3105 534 3176 propositorum
558 3112 654 3155 auctor
677 3100 796 3154 hebetur
818 3095 965 3151 aNaeltio
987 3105 1015 3148 et
1037 3089 1191 3149 Schneide-

92 3200 194 3260 wino‚
220 3210 313 3262 neque
336 3191 372 3244 de
394 3192 450 3246 alia
474 3187 558 3244 medii
577 3185 724 3256 fragmenti
744 3184 855 3250 origine
872 3181 1017 3250 qnisquam
1036 3179 1192 3249 suspicare-

1 3335 2 3358 ,
93 3299 153 3348 ιον,
184 3281 240 3336 nisi
260 3278 538 3352 Epicharmi-nomen
556 3273 680 3328 additum
698 3281 779 3326 esset,
824 3269 885 3323 lam
904 3285 970 3322 vero
988 3265 1130 3320 simillima
1148 3280 1192 3316 ra-

93 3374 176 3426 tione
197 3367 227 3422 in
246 3364 398 3434 Excerptis
416 3379 453 3416 ex
471 3359 632 3414 Herodiano
652 3362 722 3413 Ano.
740 3357 815 3410 Oxx.
834 3355 892 3420 111,
911 3343 978 3420 354',v
994 3355 1024 3408 tt
1052 3347 1190 3405 Simonidi

93 3459 262 3514 tribuuntur
283 3451 367 3505 verba
385 3449 537 3501 inlatam
554 3446 707 3517 donator,
725 3459 796 3509 quae
813 3457 829 3494 a
846 3439 1020 3494 Callimacho
1039 3433 1194 3490 Simonidis

95 3541 237 3614 epiniciis
259 3539 286 3592 in
306 3549 435 3590 cursores
452 3533 586 3602 inscripta
605 3531 690 3584 luisse
709 3527 945 3582 Schneidewinus
969 3525 1087 3589 (ἒπὶνποι
1110 3519 1192 3576 simul

95 3630 264 3688 restituens)
291 3622 408 3691 egregie
434 3619 636 3674 demonstravit
662 3616 798 3670 Exercitt.
829 3613 910 3668 Critt.
938 3627 965 3680 p.
984 3613 1027 3665 2⁰·
1081 3605 1195 3662 Deinde

95 3713 292 3772 Callimachus
315 3709 399 3764 libris
425 3723 489 3760 sse
507 3705 592 3759 editis
611 3703 682 3758 ltaud
701 3717 765 3754 raro
783 3699 981 3770 epigrammata
999 3691 1195 3764 praeposuisse

96 3805 233 3860 videtur,
268 3813 325 3864 qno
348 3793 492 3866 pertinent
509 3792 609 3861 Epigr.
629 3792 647 3844 6
671 3789 698 3842 in
723 3785 879 3856 Creophyli
899 3783 1026 3848 Οἰχαλίας
1050 3775 1145 3830 ἅλωσιν
1167 3788 1194 3832 et

97 3893 134 3943 tr.
156 3889 196 3942 92
213 3883 307 3940 Bentl.
326 3877 461 3934 ἀκούσαθ’
477 3877 665 3935 Ἱππώνακτος·
691 3873 722 3926 οὗ
740 3873 792 3944 γὰρ
810 3871 871 3924 ἀλλ’
891 3869 952 3939 ἥκω.
993 3867 1090 3932 ltaque
1110 3864 1195 3916 hexa-

98 3987 221 4029 metrum
249 3969 329 4021 illnm
354 3985 391 4020 ex
415 3965 614 4036 epigrammate
639 3959 848 4016 eCallimacho
867 3952 1028 4026 Epicharmi
1048 3949 1196 4005 Sirenibns

99 4053 268 4132 praeposito
287 4065 424 4122 sumptum
443 4067 592 4104 censemus.
635 4047 763 4101 Ceterum
781 4045 954 4107 νοεοχὲνοννς,
982 4037 1056 4106 qnod
1077 4034 1196 4092 Schnei-

98 4145 236 4200 dewinus
268 4141 337 4194 satis
363 4139 493 4192 audacter
522 4145 648 4189 novatum
679 4131 833 4186 arcnbns
860 4135 1012 4180 armatos
1036 4122 1197 4190 significare

99 4241 217 4294 censet,
244 4243 295 4280 nos
317 4223 431 4292 quidem
455 4239 471 4276 a
494 4221 613 4276 librario
637 4215 828 4272 antecedentis
846 4213 924 4266 uocis
940 4207 1085 4278 τοξοφόρον
1104 4221 1196 4261 recor·

99 4317 221 4372 datioae
238 4315 356 4382 decepto
375 4311 446 4366 male
465 4327 517 4379 pro
533 4307 719 4374 χαλκοχίτωνες
737 4301 873 4371 scriptum
892 4295 1066 4350 arbitramur.
