2878 4814
234 287 238 294 ’
308 312 341 406 n.
364 311 425 392 rs.
478 313 535 388 ne
561 311 710 390 minore
735 314 885 391 norror.
1072 318 1147 404 aon
1228 311 1230 314 ’

16 539 91 584 ιω
125 525 228 582 antea
250 514 285 582 iu
306 514 412 594 ἴιιαιι,
445 518 595 598 Frlacrr,
619 519 717 584 ιῖιιαιι
738 515 883 602 abierat,
911 518 1144 605 τεσσαράκοντα

15 642 80 708 nro
126 615 347 702 nerpoicum,
383 618 595 701 ἑβδομήκοντα
623 640 684 711 pro
719 618 951 704 ἰβδεμῆιισπα,
985 622 1143 692 διακόσιοι

15 743 82 812 pro
116 719 303 790 ὕιαιιίσισι.
334 719 535 804 τετρακόσιοι
561 721 616 792 vel
642 721 889 805 τεσσαρακόσιοι
910 747 972 812 pro
992 725 1142 808 τετρακα-

15 849 86 888 ιιοι
117 821 305 912 etreliqua
328 821 402 908 ejus
425 822 568 912 generis.
601 864 644 878 -
686 824 727 891 ln
756 825 991 916 conjugatione
1018 827 1142 915 primae

15 947 202 1014 personae
222 924 361 1013 pluralis
383 924 571 992 terminatio
591 949 646 1009 pro
667 949 741 993 raro
762 939 886 996 servata
901 938 964 992 est.
1007 927 1140 998 Tertiae

15 1025 179 1115 pluralis
201 1025 467 1116 imperatirorum
490 1026 738 1118 antiquissime
759 1027 1007 1096 terminationes
1027 1056 1087 1094 nn
1109 1045 1154 1116 et¹

15 1138 104 1194 σθω
129 1129 204 1214 jam
226 1140 321 1196 antea
343 1127 378 1194 in
401 1129 574 1198 nonnullis
593 1129 775 1218 generibus
796 1130 925 1198 ninale
939 1129 1140 1218 asciverant3

15 1253 158 1296 recem
179 1227 284 1300 Doris
305 1229 475 1322 longiores
497 1231 745 1302 terminationes
765 1258 869 1300 ιωσαι
889 1242 923 1298 et
945 1241 1077 1298 σθασαν
1098 1234 1143 1302 il·
1254 1269 1256 1274 ·

15 1331 68 1398 lis
95 1333 304 1429 admiscuit,
327 1357 412 1424 quae
433 1333 592 1404 maturius
613 1333 648 1402 in
664 1334 776 1402 Attiou
798 1333 939 1414 dialecto
961 1334 1141 1424 deprehen,

15 1433 164 1502 aluntur
185 1434 254 1502 nd.
277 1433 311 1518 ἓ.
334 1435 395 1520 36,
417 1437 451 1506 Ιι.
475 1476 518 1490 -
560 1437 846 1528 praepositionum
867 1459 1012 1528 apocope
1033 1437 1135 1506 absti-

19 1549 138 1606 netur
159 1524 230 1606 vid.
251 1537 286 1624 §-
308 1538 364 1606 43.

125 1693 234 1760 Vides
255 1717 322 1760 nou
343 1703 466 1762 temere
487 1692 612 1761 Dorica
631 1692 754 1760 Atticis
775 1691 876 1760 mixta
897 1715 990 1777 esse,
1012 1692 1070 1760 sed
1091 1695 1141 1764 le-

25 1819 96 1882 ges
130 1797 290 1888 quasdam
316 1794 487 1888 conspici,
521 1795 642 1886 quibus
671 1795 735 1862 alia
758 1795 921 1888 genuinae
940 1795 1059 1862 Doridi
1082 1821 1138 1886 pe·

26 1899 180 1964 cnliaria
194 1897 353 1990 religiose
368 1907 555 1975 servantur,
578 1897 644 1966 ulia
664 1897 700 1964 iu
714 1895 864 1964 Atthidis
888 1895 1138 1964 similitudinem

29 2001 264 2092 abripiuntur.
311 1999 380 2067 Cur
402 2000 533 2088 singula
554 2023 705 2092 quaeque
725 2010 781 2066 aut
797 2009 917 2066 mutatu
939 2009 995 2065 ant
1015 2009 1140 2066 retenta

30 2102 129 2186 sint,
165 2103 245 2168 satis
275 2103 440 2194 explicere
470 2125 536 2167 non
564 2101 722 2168 valeanus.
765 2099 956 2168 Numeralin
985 2102 1081 2173 etiam
1104 2101 1140 2167 iu

31 2203 205 2270 hodierno
236 2203 388 2272 Sassicae
418 2201 550 2270 dialecti
578 2227 663 2290 usu,
704 2203 734 2269 ai
763 2213 851 2270 recte
879 2203 1137 2285 observavimus,

32 2329 75 2372 eo
101 2293 294 2396 inclinant,¹
317 2321 354 2375 ut
374 2305 595 2374 dominantem
619 2304 800 2398 superioris
823 2303 1017 2374 Germaniae
1038 2305 1138 2376 diale-

34 2421 131 2475 ctum
153 2421 344 2500 sequuntur.

535 2651 568 2736 §-
591 2653 646 2722 ιι.

388 2809 450 2861 De
468 2809 618 2864 mtttore
634 2807 792 2862 Doride·

127 2959 162 3033 1)
194 2955 360 3024 Mitiorem
382 2955 542 3034 Doridem
562 2979 633 3038 mm
656 2956 820 3036 diximus,
841 2980 925 3046 quae
946 2958 1137 3040 declinatio·

45 3056 97 3125 nia
119 3058 284 3126 secundae
306 3057 487 3148 genitivum
508 3081 584 3126 eum
604 3059 743 3126 Atthide
771 3057 808 3124 in
836 3085 873 3125 ov
901 3062 1070 3140 terminet,
1103 3073 1140 3130 ut

47 3165 158 3242 ἵππου,
189 3172 224 3228 et
245 3160 380 3232 omniuo
401 3160 585 3228 Atticarum
607 3161 885 3252 diphthongorum
907 3186 935 3226 ιι
956 3174 989 3229 et
1010 3189 1046 3230 oo
1067 3187 1139 3232 mu·

47 3263 167 3332 tatione
190 3261 226 3328 in
248 3291 267 3342 η
290 3273 324 3329 ct
346 3289 371 3328 σι
392 3262 547 3330 abstinet.
590 3262 688 3342 Alia,
712 3261 749 3328 in
771 3261 895 3354 quilius
915 3264 1026 3330 miuus
1042 3289 1139 3356 quem

48 3367 191 3432 severior
211 3363 315 3432 Doris
336 3365 377 3432 ab
396 3365 535 3432 Atthide
559 3363 720 3448 discedit,
753 3362 789 3430 ia
809 3378 967 3454 sequerne
988 3389 1139 3456 peragra-

46 3465 109 3552 pluo
143 3466 358 3556 apparebunt.
419 3467 615 3557 Digamus,
656 3465 747 3560 qnod
778 3465 962 3557 antiquiore
991 3479 1138 3559 tempore

47 3587 145 3660 aeque
177 3591 216 3636 ae
251 3568 397 3636 severior
424 3568 526 3636 Doris
553 3569 836 3662 frequentsverat,
868 3593 929 3659 per
960 3568 1136 3640 secundam

48 3666 179 3736 aetuterd
210 3668 245 3734 in
274 3669 405 3738 Atticae
436 3669 567 3738 dialecti
596 3671 848 3740 similitudinem
874 3671 1041 3758 abjectum
1068 3683 1138 3758 est3

51 3771 161 3862 scripti
184 3771 319 3861 quidem
334 3782 459 3840 certum
479 3771 667 3862 exemplum
684 3795 753 3841 uon
767 3783 936 3862 superstes
949 3783 1014 3856 est,
1035 3795 1139 3864 σασα

15 3891 23 3956 ι
49 3872 246 3958 pronuntiati
277 3885 333 3942 aut
359 3874 484 3942 hhtnm
513 3874 702 3942 excusantis
722 3875 810 3964 apud
830 3872 1064 3961 Epicharmum
1085 3896 1141 3940 ve·

52 3973 143 4064 stipis
164 3975 323 4066 quaedam
343 3975 579 4068 reperimtum
605 3973 678 4044 Suli
690 3974 830 4066 Argivi,
851 3974 1053 4064 Pamphylii,
1079 3973 1141 4064 Sy-

51 4077 195 4146 racusani
215 4077 252 4144 in
273 4077 392 4146 mediis
414 4078 553 4146 vocibus
576 4075 751 4169 aliquoties
767 4084 790 4159 β
809 4075 845 4142 in
867 4075 995 4165 antiqui
1017 4076 1142 4166 digam-

52 4179 93 4246 mi
123 4181 233 4250 locum
266 4190 472 4271 acceperuut.
532 4177 608 4248 lam
644 4178 793 4268 singulas
825 4175 967 4245 mitioris
1002 4175 1148 4249 Doridis.
