2878 4814
322 379 356 474 ᾗ.
380 380 441 460 di.
495 383 552 458 De
578 321 750 457 universa
776 379 924 456 Doride.
1099 383 1172 462 tot

72 595 177 652 natus
198 583 266 669 sit,
297 583 430 674 lugan,
462 597 500 652 ut
519 583 652 672 'Ioipnss,
682 582 893 668 Ἱππομέδων,
926 580 1171 668 Ἀρμοξῖδαμος,

73 686 225 772 tisserius
245 683 313 752 vid.
338 680 371 775 §.
393 688 434 766 t,
457 688 478 754 3
500 709 594 779 seqq.
646 683 693 754 Ut
718 685 835 770 'Icipno
858 685 927 773 jnnr
956 685 991 751 in
1013 685 1172 754 Hieronis

72 790 172 878 galea
193 810 309 878 aspero
330 787 526 856 instructum
548 788 729 879 reperitur,
760 789 806 854 ita
834 787 968 856 omnino
988 786 1172 856 Dorienses

71 890 156 956 inde
177 913 196 954 s
218 888 335 980 quinto
356 889 426 956 iere
448 891 579 958 saeculo
600 891 706 982 asperi
729 889 865 982 spiritus
880 889 1075 958 amantiores
1092 889 1171 958 lacti

71 1015 151 1060 esse
172 989 345 1076 videntur,
367 991 465 1060 modo
486 994 523 1059 in
544 993 681 1060 eandem
703 990 881 1075 rationem,
903 1013 987 1082 quae
1007 991 1094 1081 apud
1110 993 1170 1060 At·
1295 1003 1297 1012 ’

70 1093 161 1160 ticos
182 1103 368 1182 spectatur,
390 1093 487 1161 modo
507 1095 556 1176 (in
579 1092 775 1186 quihosdasn
798 1105 885 1161 certe
907 1093 1100 1184 generibus)
1120 1095 1171 1162 ul·

71 1207 122 1261 tra
145 1195 296 1262 Atticum
315 1217 425 1262 usum.
448 1234 491 1248 ·-
531 1195 724 1285 Digsrnora,
747 1195 845 1282 eujus
866 1195 900 1260 iu
922 1193 1050 1262 Doride
1070 1195 1171 1262 histo·

71 1297 158 1362 riam
190 1319 289 1386 sopra
322 1295 560 1364 delinearirnus
588 1297 620 1382 §-
654 1297 692 1383 5,
715 1297 756 1380 9,
790 1297 895 1388 prims
922 1295 981 1363 illa
1008 1307 1111 1364 aetate
1139 1307 1172 1363 et

72 1398 163 1490 apud
192 1419 307 1464 omnes
327 1397 511 1480 Dorienses
539 1399 781 1492 frequentatore
812 1421 886 1466 esse
915 1399 1043 1466 videtur
1071 1412 1104 1466 et
1131 1423 1171 1468 eo

72 1525 137 1566 usu
160 1523 179 1566 e
200 1523 326 1566 summa
347 1499 541 1591 antiquitate
560 1501 697 1584 tradito,
725 1523 823 1590 quam
844 1511 957 1588 postea
978 1499 1050 1590 ipsa
1070 1501 1171 1570 Dori-

73 1601 127 1672 dis
164 1623 287 1692 genera
324 1625 401 1692 pras
438 1601 580 1693 reliquis
615 1601 744 1692 priscae
775 1601 868 1670 illius
900 1601 1015 1669 literae
1045 1605 1172 1672 tenacis

71 1713 351 1794 aspernarentur,
385 1726 451 1795 quo
472 1704 638 1793 pertinent
657 1705 773 1779 sts'll’oc
794 1713 828 1769 et
849 1705 938 1769 cisti
955 1703 990 1770 in
1011 1703 1172 1795 antiquis·

73 1806 162 1874 eiuro
183 1805 279 1874 dtnlo
303 1805 467 1872 Crissaeo.
511 1803 654 1896 Antiqui
681 1828 763 1870 usos
790 1803 912 1891 turhati
937 1804 1078 1894 primum
1102 1829 1172 1874 eer-

71 1919 142 1974 tuur
166 1909 353 1998 exemplum
373 1917 425 1974 est
446 1909 493 1974 At
511 1930 573 1997 pro
587 1907 674 1974 Ast'
692 1907 729 1972 iu
753 1907 864 1972 eadeur
887 1905 979 1994 gulsa
1000 1906 1170 1976 Hieronis.

72 2007 207 2076 Deinde
238 2010 274 2074 in
302 2008 447 2100 singolis
467 2007 606 2075 Doridis
633 2007 811 2097 generibus
835 2006 996 2096 digamma
1017 2007 1172 2076 diversis·

74 2112 160 2178 siara
182 2113 249 2178 lats
270 2121 440 2202 expertum
462 2120 523 2177 est.
546 2145 589 2160 -
629 2109 686 2176 Ad
714 2109 851 2176 eandenr
871 2108 1008 2175 Doridis
1036 2119 1173 2178 aetatem

72 2211 254 2280 referimus
274 2211 390 2279 literae
410 2213 528 2302 llopps
556 2235 672 2298 usuru3
705 2210 849 2278 nummis
878 2209 985 2288 enirn,
1018 2211 1077 2301 qui
1105 2213 1172 2304 pri·

73 2337 165 2380 scam
189 2315 462 2382 consuetudinem
482 2314 604 2380 imitari
623 2323 752 2395 amant,
774 2313 913 2380 fortusse
934 2313 1099 2403 exeeptis,
1121 2337 1172 2380 re-

74 2414 304 2482 centissimum
331 2415 519 2506 exemplum
540 2417 577 2480 in
599 2413 698 2482 titulo
720 2413 761 2480 C.
784 2415 813 2480 l.
836 2437 887 2480 ur.
905 2413 967 2480 166
987 2435 1062 2482 esse
1082 2416 1172 2484 ride·

73 2529 155 2601 tur,
185 2541 285 2606 quern
305 2517 494 2586 Bocchhius
515 2517 557 2584 sd
579 2540 613 2583 u.
636 2517 700 2584 457
721 2540 752 2582 a.
777 2515 857 2582 Chr.
880 2515 1004 2582 retulit.
1028 2551 1070 2566 -
1107 2515 1173 2584 Ce-

73 2631 183 2688 terum
201 2619 271 2706 jeus
295 2619 332 2688 in
360 2619 495 2711 antiqua
518 2616 646 2686 Doride
674 2617 837 2688 variorum
871 2639 1028 2707 generum
1057 2617 1172 2688 discri-

72 2745 151 2790 meo
173 2731 320 2812 apparet.

161 2823 287 2890 hlelius
316 2821 358 2889 de
383 2819 514 2888 media
534 2819 672 2888 Doridis
692 2831 796 2890 aetsts
815 2831 954 2888 constat.
1010 2821 1062 2890 lio
1084 2823 1173 2892 enirn

75 2935 206 3014 praeter
226 2922 462 3014 inscriptiones
482 2923 596 3013 paullo
616 2923 729 3015 plures
751 2934 785 2991 st
805 2922 993 3013 graviores,
1015 2923 1171 3014 Epichar·

74 3049 151 3092 urus
182 3036 216 3094 et
249 3023 403 3115 Sophron
436 3025 629 3116 pertinent,
672 3025 906 3116 Aristophanis
934 3026 1098 3094 Lsconics
1127 3039 1173 3093 st·

77 3152 143 3218 que
172 3127 340 3215 Megarica
371 3125 423 3212 (ut
453 3127 561 3194 lontes
593 3128 814 3218 suspectiores
840 3139 896 3194 eut
924 3129 1035 3194 minus
1063 3129 1175 3218 largos

78 3232 304 3314 omittamus),
327 3239 492 3321 postremo
513 3229 691 3318 pleraque,
712 3253 795 3320 quae
818 3229 1020 3318 grammatici
1043 3229 1085 3298 de
1105 3229 1175 3298 Do·

77 3332 151 3398 ride
173 3331 320 3398 tradunt.
370 3331 421 3397 lla
442 3341 550 3397 tamen
573 3331 706 3400 dialecti
727 3332 830 3398 formu
850 3329 938 3396 haud
958 3331 1077 3398 leviter
1097 3331 1177 3400 inde

79 3433 119 3500 ah
142 3431 328 3500 Alexandri
356 3443 503 3524 tempore
531 3441 652 3501 mulcta
681 3444 714 3500 et
736 3443 885 3522 corrupta
906 3443 958 3498 est
979 3431 1096 3522 partina
1116 3439 1177 3499 At·

79 3537 164 3604 tieae
184 3535 321 3624 liuguae
345 3535 452 3624 anagia
473 3533 645 3626 magisque
673 3533 872 3602 dominantis
898 3533 1072 3623 contagio,
1104 3557 1177 3624 par·

77 3639 136 3704 tim
167 3637 317 3720 iuterna,
357 3645 406 3706 ut.
421 3635 468 3704 ita
496 3637 622 3715 diuus,
653 3635 784 3704 dialecti
805 3621 1033 3704 conversidne.
1085 3633 1178 3702 llaec

79 3739 178 3806 iecile
200 3736 393 3828 agnoscitur
413 3738 448 3804 in
468 3735 531 3822 iis,
555 3763 640 3830 quae
662 3739 823 3806 diversans
844 3737 886 3804 ah
907 3737 1018 3804 Attica
1040 3759 1195 3804 eonsner

79 3839 196 3908 tudine
216 3839 378 3908 rationem
400 3849 658 3928 assumpserunt.
704 3838 771 3906 Sed
791 3863 834 3906 ue
855 3863 893 3906 ea
914 3837 1067 3928 quidem,
1094 3859 1180 3929 quas

79 3941 115 4009 in
137 3939 264 4010 menti
284 3939 413 4008 Doride
440 3953 553 4008 centn
575 3939 800 4034 ‘antiquiorem
824 3963 922 4008 usurn
944 3963 1019 4007 curn
1040 3939 1179 4006 Atthide

81 4043 293 4134 conspirant,
314 4041 425 4110 ournia
446 4065 489 4110 ex
509 4043 570 4111 hae
590 4043 665 4136 ipsa
679 4041 819 4112 derivari
833 4053 981 4135 oportet3
1004 4041 1075 4108 heri
1091 4041 1180 4108 eninr

82 4155 209 4237 poteret
229 4155 267 4210 ut
282 4143 385 4210 Doris
406 4145 587 4212 recentiore
606 4155 754 4238 ternpore
773 4145 816 4212 ad
837 4144 968 4211 easdem
983 4141 1181 4210 mutationes

82 4259 199 4338 sponte
226 4245 450 4332 delaberetur,
484 4271 567 4340 quos
598 4247 712 4316 Atthis
739 4245 844 4314 multo
870 4245 967 4337 prius
994 4242 1178 4336 probasset.

123 4377 169 4448 ll.
939 4374 984 4442 to
