2844 4806
381 355 439 432 Ad
465 353 626 432 Librum
652 353 833 428 Primum.
1074 347 1152 430 571

148 563 248 655 erg.
269 563 331 633 211
371 563 397 628 1.
419 563 453 629 5.
519 559 738 626 confirmetur
769 557 897 624 ἄνι’θιαν
925 581 945 621 e
967 555 1091 623 Lesbio
1120 569 1153 623 et

66 665 151 732 idern
172 665 294 755 legitur
312 665 349 730 in
370 663 466 730 titnio
487 662 586 729 Ptoio
607 661 680 728 Ulr.
702 685 735 751 p.
752 661 827 726 217.
872 657 1032 726 Notemns
1055 659 1151 726 etiem

67 770 181 851 πρίασο
202 791 263 857 pro
284 766 412 856 wlgeri
433 767 516 850 πρίω
536 764 682 830 Acbaru-
705 762 781 830 836.

146 871 243 959 Peg.
264 867 445 937 212119.
490 867 530 932 ln
551 863 711 954 Hesycbii
733 863 846 930 codice
867 874 918 930 est
941 865 1020 928 orio.

148 969 246 1059 Peg.
268 971 331 1040 21³
359 970 384 1036 1.
408 969 441 1036 7.
486 965 641 1058 Suspicio
663 976 773 1034 nostre
796 964 1152 1056 conflrmrtnrtcopeo·

65 1073 112 1138 sis
139 1071 229 1140 tituli
257 1073 400 1142 motolo
428 1069 502 1138 Ub.
530 1094 566 1160 p.
590 1067 654 1136 217
680 1070 729 1134 eoi
751 1065 969 1152 ἀπεγράψαντο
993 1069 1029 1150 ίμ
1049 1076 1153 1134 ustro-

65 1173 180 1259 φόρας.

147 1311 190 1326 -
220 1299 278 1341 nr.
302 1275 333 1342 8.
379 1271 519 1342 Accedit
539 1271 674 1350 ἕππασις
695 1272 790 1339 Curt.
812 1295 864 1338 nr.
885 1271 918 1339 7.

148 1377 245 1466 rog.
268 1377 333 1445 214
363 1376 457 1442 init.
501 1373 665 1442 Addimus
686 1375 741 1442 bic
762 1375 803 1440 de
825 1373 1019 1440 Boeotorum
1041 1373 1156 1442 sdver-

64 1479 131 1546 biis
150 1479 330 1568 quaedem,
353 1501 438 1570 quse
460 1477 568 1545 omnis
589 1477 661 1544 fere
681 1501 723 1544 ex
740 1475 1012 1543 Acbsrnensibns
1034 1499 1156 1569 cogno-

65 1593 212 1648 scuntur.
256 1581 404 1646 Primum
425 1577 617 1646 Boeoticnm
638 1579 739 1655 τῒδε,
772 1576 885 1641 botos
914 1577 1084 1666 Hesyebio
1103 1601 1155 1646 re·

65 1681 230 1750 etitnimus
251 1705 312 1772 pro
332 1683 416 1745 τίδαι
446 1679 480 1762 §-
502 1677 545 1745 10
572 1689 641 1744 not.
663 1679 697 1744 1.
761 1675 858 1743 Just·
878 1679 1059 1746 mntntbone
1080 1680 1156 1748 ide

64 1784 188 1852 Dorico
209 1785 288 1846 eride
308 1781 430 1846 tectum
451 1803 526 1846 esse
546 1789 690 1870 opponet
740 1777 867 1846 Eodem
889 1801 990 1846 senso
1011 1783 1154 1848 Acbcrn.

63 1887 128 1954 869
148 1883 272 1972 legitur
291 1883 384 1962 ιᾷίι,
407 1879 496 1971 quod
516 1880 573 1948 vix
595 1880 674 1948 ferri
695 1889 804 1969 potest
823 1880 892 1946 vid.
915 1881 958 1948 L.
981 1881 1015 1946 11
1043 1880 1076 1965 §-
1098 1884 1155 1970 11,

63 1988 107 2071 83
141 1984 347 2073 suspicemur
366 1985 443 2048 eride
464 1982 622 2074 seriptum
644 1983 773 2066 inisse,
807 2004 908 2071 qnunr
930 1981 1156 2076 dipbtbongns

64 2112 92 2152 es
112 2088 149 2152 in
170 2085 433 2154 Aobernensinm
453 2083 619 2152 Boeotieie
640 2107 707 2152 ooo
728 2093 880 2150 mnoetnr.
931 2083 1099 2152 Aduerbio
1120 2087 1156 2153 in

65 2189 266 2270 ontionem
287 2199 321 2254 ct
341 2187 471 2254 modum
495 2185 673 2252 indicentis
705 2183 784 2266 (vid.
808 2185 906 2267 ibid.)
934 2185 1092 2276 leguntur
1111 2194 1158 2270 πᾷ

63 2289 145 2367 861,
174 2303 212 2357 nt
232 2289 417 2358 cordicum
439 2289 502 2355 ΑΒ
523 2289 666 2356 lectione
686 2289 747 2352 παῖ
764 2311 825 2378 pro
844 2291 891 2352 πᾶ
910 2288 1039 2356 nstitui
1060 2313 1157 2381 opor·

62 2405 129 2476 tet,
151 2391 175 2458 i.
192 2417 227 2482 q.
250 2395 317 2468 nobo
337 2402 370 2457 et
389 2392 472 2474 ςίιιερ
495 2391 519 2457 i.
538 2415 568 2458 e.
592 2391 694 2474 ιῐίςπιρ
715 2390 790 2458 873.
833 2388 965 2456 Deinde
985 2389 1020 2456 in
1041 2417 1075 2460 v.
1093 2393 1159 2462 850

64 2493 181 2578 ἔκβαθι
200 2496 275 2576 τῷδε
296 2491 513 2579 κήπιχάριτται
531 2495 574 2575 soi
594 2493 680 2577 ξένῳ,
703 2513 888 2584 quenquem
906 2491 1100 2561 Diodoriins
1120 2496 1157 2562 in

63 2595 209 2664 editione
240 2595 427 2664 ssxoniensi
458 2593 575 2660 durum
610 2593 812 2684 byperbeton
842 2593 1004 2684 exemplis
1033 2593 1157 2664 Atticis

62 2695 162 2764 tuteri
191 2697 301 2764 studet
326 2693 397 2782 (cui
421 2695 470 2764 Μ.
493 2695 658 2786 Hrnptius
678 2695 714 2762 in
736 2695 1033 2763 Observationibus
1057 2695 1157 2763 Criti-

64 2801 115 2866 cis
140 2823 174 2889 p.
198 2799 240 2866 56
261 2798 450 2866 edversrtns
472 2821 538 2890 quo
556 2797 653 2885 jure,
686 2821 873 2890 quenquam
894 2799 969 2880 τῷδε
990 2819 1064 2862 cnm
1085 2797 1159 2881 ξίνῳ

58 2899 204 2988 jungit,
247 2899 450 2990 byperbeton
483 2899 594 2966 inesse
626 2911 758 2990 neget,
802 2921 868 2966 noo
907 2897 1157 2990 intelligimus),

63 3011 161 3070 erunt
181 3011 314 3084 umen,
349 3001 488 3092 opinor,
521 3001 641 3092 quibus
661 3001 809 3090 placeat,
843 3000 873 3067 si
895 3021 970 3066 eum
990 2999 1159 3070 Bronobio

62 3103 141 3168 ιιῖδι
162 3100 345 3169 scribentes
366 3125 435 3168 non
452 3105 633 3187 σπυριδίιυ,
655 3113 692 3168 ot
712 3103 771 3170 ille
785 3101 908 3180 voluit,
933 3103 1158 3194 suppleamus,

63 3205 123 3273 sed
152 3201 342 3270 adverbium
368 3227 602 3292 agnoscemus,
639 3203 749 3295 qualis
772 3203 905 3272 suntin
928 3203 1068 3273 dialecto
1089 3205 1159 3272 Do·

63 3307 133 3374 ries
154 3305 197 3372 L.
220 3304 254 3370 11
285 3304 317 3388 §-
341 3306 491 3391 11,10,
523 3305 548 3372 i.
571 3327 602 3372 e.
625 3305 734 3371 bine.
800 3303 888 3372 Tum
919 3307 1059 3374 fortusse
1090 3331 1159 3374 non

64 3406 252 3500 spernendo
271 3417 323 3472 est
343 3406 470 3474 codicis
491 3407 525 3472 A
552 3403 651 3474 lectio
673 3405 793 3492 χαριὺς
819 3431 880 3500 pro
900 3411 1000 3496 χαμαί
1024 3433 1057 3476 v.
1079 3407 1156 3476 835.

64 3509 158 3594 Quid
178 3508 287 3592 enim,
317 3507 347 3576 si
367 3506 484 3575 Boeoti
504 3510 616 3594 χαραῖς
640 3507 800 3595 dixerint,
830 3521 869 3576 nt
883 3509 1065 3578 Dorienses
1086 3512 1159 3586 παῖς

64 3623 98 3680 et
119 3609 241 3678 similis
262 3611 306 3676 L.
328 3609 362 3676 11
390 3610 422 3693 5.
444 3609 508 3693 11,
529 3609 574 3676 77
636 3609 809 3678 Postremo
831 3633 851 3677 e
871 3607 1061 3677 nominibus
1083 3633 1158 3700 pro·

63 3711 150 3802 psiie
171 3711 360 3778 deriventur
385 3713 522 3794 Θιίβαθι
542 3710 628 3778 Acb.
651 3713 738 3797 831,
767 3709 926 3780 'deduco'
947 3709 1029 3796 866,
1058 3735 1158 3802 quem

63 3817 203 3882 fororem
223 3811 416 3880 Diodortine
443 3824 519 3902 post
545 3813 744 3901 Elorslejum
770 3824 859 3880 recte
885 3835 905 3878 e
933 3809 1052 3878 scbctii
1076 3813 1158 3882 lem·

64 3925 149 3982 mete
170 3911 311 3990 ’Δθάνας
330 3939 390 4004 pro
410 3913 562 3992 Ἀθάναις
582 3915 744 4000 restitnit,
774 3937 875 4006 quum
897 3913 994 3980 etiem
1015 3914 1051 3980 in
1070 3915 1157 3982 Atti·

64 4041 103 4084 er
125 4015 265 4084 dirlecto
295 4017 417 4084 rectisn
438 4015 594 4096 Ἀθήνησι
616 4041 712 4110 quem
735 4014 890 4102 Ἀθήνῃσι
910 4015 1088 4096 scribetur,
1124 4027 1157 4084 et

68 4117 224 4198 Θείβαθεν
244 4117 319 4185 828.
342 4119 416 4188 877.

148 4217 242 4310 Peg.
264 4219 329 4286 211
355 4243 415 4286 ιιι.
440 4221 471 4286 1.
516 4219 691 4290 Addentur
711 4216 914 4296 Kottsos'sdoo
934 4233 967 4288 et
991 4220 1157 4306 [Χη]ρι1ν-
