3342 4822
357 363 446 449 232
737 376 794 448 De
815 373 1065 449 declinatione.

360 579 580 666 eeutioribuo,
612 589 650 645 ut
671 576 872 662 όνπγσρεόσει
893 575 1001 642 nmo.
1023 575 1122 655 2525,
1137 575 1180 659 h,
1210 576 1396 660 παρευρέσει
1416 583 1452 640 et
1552 570 1553 642 Ϊ

339 685 445 752 ιπόλει
466 683 601 771 Cot-eyr-
626 679 727 763 1845,
749 679 932 762 παρευρέσει
951 677 1054 744 Ther.
1076 677 1162 746 2448
1182 689 1245 742 ete.
1552 671 1553 684 ¹

422 784 611 854 Plurrlia
633 781 927 848 Nominativuo
949 779 1034 870 opud
1056 775 1450 869 untiquioreeDorienseo

360 889 394 953 in
419 913 476 962 ιες
497 886 585 952 exite
619 883 738 971 Epieh.
761 881 782 948 5
802 881 946 964 μόιπιες,
967 881 1010 948 39
1030 879 1195 965 πρήστιες,
1219 881 1360 968 Lysistr.
1383 881 1447 947 981

359 988 539 1071 πρυτάνιες,
573 984 727 1074 Thuuyti.
758 983 803 1066 V,
832 983 887 1050 77.
916 983 959 1050 79
989 982 1105 1058 πόλιες.
1135 1023 1176 1034 -
1218 981 1450 1048 Genitivua
1553 1030 1554 1052 i

359 1091 459 1179 vulgo
480 1091 515 1156 in
545 1113 632 1164 ιον,
666 1098 704 1152 ιιι
723 1087 838 1151 πολίων
859 1083 972 1150 Herm.
999 1084 1098 1167 1193,
1131 1087 1304 1166 novennium
1324 1086 1446 1174 Αιιῃ).

358 1193 454 1259 2484.
477 1191 583 1275 2485,
614 1190 792 1253 όπσθεσλοιι
813 1187 961 1252 Αισιιὶιιι.
983 1187 1086 1252 Areu.
1109 1211 1143 1275 p.
1167 1185 1241 1252 319.
1292 1185 1390 1270 Quod
1410 1187 1448 1252 iu

361 1293 450 1358 Cret.
473 1287 571 1373 2556,
595 1289 638 1356 52
655 1288 773 1354 πόλεων
793 1287 951 1378 seriptum
972 1299 1041 1371 eet,
1063 1286 1229 1352 miremur.
1253 1327 1293 1338 —
1336 1288 1448 1353 Doti·

358 1417 434 1460 vus
456 1392 542 1484 apud
563 1391 764 1480 antiquiorea
785 1390 820 1454 in
843 1413 970 1466 ιεσσι,
1004 1401 1041 1456 ut
1061 1391 1202 1454 πολίεσσι
1223 1389 1374 1478 Τιιιισςό.
1399 1389 1447 1475 V,

358 1495 413 1562 77.
435 1495 497 1580 79,
541 1493 575 1558 iu
602 1491 706 1558 titulis
736 1491 821 1556 inire
848 1489 1031 1558 Alexandri
1058 1500 1192 1556 oetatem
1223 1502 1274 1557 ert
1301 1492 1448 1580 vulgaris

359 1597 482 1677 formo,
505 1606 541 1658 ut
556 1593 665 1660 πόλεσι
680 1593 794 1660 Herm.
811 1593 907 1675 1193,
931 1591 1021 1658 Cret.
1035 1589 1132 1668 2556,
1155 1592 1322 1676 πρυιόιισι
1334 1591 1446 1659 Boon.

358 1697 463 1780 2905,
486 1693 645 1780 ἐπιχύσεσι
664 1693 773 1760 Rood.
797 1693 893 1778 2525,
911 1693 945 1759 b.
976 1731 1016 1744 -··
1045 1695 1325 1760 Aoeuaativuo
1345 1697 1448 1782 vulgo

357 1798 393 1863 in
418 1824 497 1882 ιας,
531 1809 567 1862 ιιι
589 1798 715 1876 κρίσιας
736 1794 871 1884 Corcyr.
896 1793 997 1878 1845,
1021 1795 1131 1870 πόλιας
1153 1795 1242 1862 Cret.
1264 1795 1369 1881 3053,
1392 1801 1450 1878 ἐμ-

358 1900 471 1980 μόιιπς
493 1897 584 1964 Cret.
607 1895 709 1974 2555,
734 1895 911 1974 οἱποόειξισς
931 1896 1080 1962 Archiou.
1100 1895 1204 1962 Areu.
1227 1921 1262 1986 p.
1284 1899 1360 1966 329.

442 2001 557 2092 ltaque
579 2001 640 2066 hoe
661 2010 712 2066 eet
731 1999 831 2086 hujus
852 1997 1080 2066 deeliurtionio
1101 1999 1255 2064 oehemae

493 2184 756 2275 Singularis.
1066 2182 1269 2252 Pluralia.

358 2305 455 2370 Nom.
484 2303 574 2379 πόλις
900 2305 1003 2379 πολλες

360 2407 443 2472 Gen.
483 2404 592 2480 πόλιος
899 2408 1014 2474 πόλισιν

359 2509 435 2575 Dat.
486 2515 577 2582 πολῑ,
599 2525 664 2572 ree.
688 2505 773 2570 πόλει
898 2510 1059 2584 πολίεσσι,
1083 2529 1148 2572 reo.
1171 2503 1280 2572 πόλισι
1379 2529 1382 2536 ·

359 2613 440 2678 Aee.
485 2609 574 2674 πόλιν
898 2612 1019 2685 πσλόας.

357 2813 481 2892 Vides,
516 2811 640 2903 ubique
672 2840 684 2876 ι
714 2813 819 2879 teneri
850 2825 1073 2906 praeterquam
1106 2814 1141 2878 in
1174 2812 1275 2880 dativi
1307 2813 1447 2902 pluralia

357 2916 506 2982 breviore
539 2916 662 2996 forma,
698 2914 755 2980 ubi
785 2914 889 2980 πόλισι
920 2915 1137 3004 σισοριιοιιίιε
1165 2939 1262 2982 oauaa
1291 2915 1445 2981 evitatunr

357 3027 418 3082 est.
464 3015 574 3099 Quare
602 3039 786 3107 quanquom
813 3039 852 3082 ea
873 3039 938 3082 nou
960 3016 1122 3106 reperitur
1142 3016 1177 3082 in
1198 3016 1344 3084 fortibus
1366 3017 1446 3082 Ale·

356 3118 481 3216 euandro
502 3117 764 3207 antiquioribus,
787 3141 852 3184 uon
875 3119 1006 3184 videtur
1025 3129 1131 3185 temen
1154 3143 1194 3184 ex
1213 3118 1323 3184 Attiou
1345 3119 1447 3184 diaie·

358 3231 411 3286 cto
432 3231 594 3308 assumpta
617 3243 708 3302 esee,
743 3219 819 3297 teti,
853 3220 881 3284 si
911 3220 1043 3310 quidem
1064 3219 1229 3308 antiquior
1249 3219 1350 3286 Dorio
1372 3221 1446 3288 bre·

357 3322 448 3388 viore
470 3321 695 3388 terminatione
717 3345 776 3386 usa
802 3331 868 3399 ert,
891 3344 960 3386 eam
986 3345 1051 3386 non
1074 3321 1292 3388 consonuisse
1312 3345 1446 3412 pereum

359 3447 431 3488 oum
446 3423 575 3488 hebeto.
619 3421 672 3488 De
694 3447 722 3487 ει
742 3447 802 3512 pro
820 3423 837 3482 ἷ
857 3423 891 3487 iu
915 3422 1022 3490 dativo
1043 3423 1202 3513 singulari
1225 3447 1243 3488 ι
1264 3425 1446 3490 recentiore

357 3524 482 3590 Doride
505 3536 671 3614 aowmpto
692 3523 759 3590 vid.
783 3527 815 3606 ξ.
838 3526 901 3608 22,
923 3525 955 3590 3.

442 3625 631 3714 Sequuntur
663 3629 745 3690 itane
780 3625 1028 3691 declinationem
1061 3625 1148 3690 haud
1180 3649 1280 3716 proca
1313 3627 1445 3693 nomina

357 3728 508 3816 propria,
542 3749 627 3816 quoe
655 3727 753 3814 vulgo
783 3727 1042 3794 dosciscerent:
1087 3729 1171 3794 Gen.
1197 3727 1323 3812 Πόριος
1345 3727 1442 3792 Pind.

357 3827 398 3892 P.
416 3827 479 3910 Vl,
496 3829 556 3912 33,
585 3831 694 3902 Θέτιος
715 3825 771 3892 01.
791 3827 854 3911 IX,
877 3829 920 3896 32
936 3839 1018 3913 eto,
1042 3828 1205 3913 Σωτήρισς
1226 3831 1300 3893 i'em.
1319 3807 1441 3918 Deiqffi.

358 3929 460 4011 1705,
505 3927 681 4004 Ἰσοπόλιος
714 3927 845 4016 Auoph.
877 3931 892 3994 1
926 3928 969 3994 R.
1012 3929 1255 4011 Ἀριστοιιόλιος
1287 3929 1441 3996 Taurum.

357 4029 441 4118 apud
464 4027 658 4096 Torremnu.
681 4029 784 4112 Vlll,
807 4031 846 4114 6,
875 4032 1076 4108 Λεοιιάσπιος
1098 4035 1147 4110 (ut
1169 4031 1364 4120 corrigimus
1386 4057 1445 4122 pru

357 4133 577 4210 Λειιιιασπιφς)
607 4131 728 4219 Cyrea.
752 4131 795 4215 6,
841 4131 918 4198 Dat.
941 4133 1086 4218 Λυγδάμι
1114 4145 1146 4211 ιιι
1174 4132 1344 4216 Σχιιοὺρι,
1380 4131 1444 4198 ioci

358 4253 474 4296 nomen
510 4229 646 4320 Cor-eyn.
679 4233 779 4316 1849,
818 4231 981 4318 Σαρόπει,
1018 4235 1116 4311 Ἵσει,
1150 4233 1297 4316 ’Avertere
1325 4233 1439 4298 Ambe.
