2894 4820
1153 325 1227 370 'tx

7 514 8 523 ’
73 507 290 584 ieneuoioa
336 509 527 584 tectores
559 515 763 581 excusatum
797 503 986 600 volumna3
1036 502 1145 577 iidem
1176 504 1228 578 i'a·

88 613 148 690 dic
170 615 448 714 perspiciant
472 621 512 684 et
536 609 729 686 clementer
753 607 1010 682 coadunabant
1035 607 1230 682 incommo-

16 684 23 747 ι
101 717 142 792 da
169 715 380 816 quaedam
416 711 508 786 inde
531 725 628 805 orta,
677 707 774 810 quod
805 720 888 808 poat
917 708 1062 808 longam
1092 733 1230 782 moram

22 820 27 901 i
113 822 239 894 inrit'ra
267 816 497 908 obtruaam,
548 838 621 914 quo
646 813 799 886 celerius
824 811 893 885 hoc
917 811 1087 885 volumen
1111 813 1151 886 in
1175 811 1231 884 lu-

120 950 192 996 cem
218 918 423 1020 prodiret,
472 915 573 1015 prelo
598 918 707 1014 priua
738 916 791 986 nti
825 939 1077 1010 coeperamus,
1122 939 1230 1012 quarn

11 1108 15 1121 Ι
123 1037 242 1098 totam
279 1047 381 1121 opua
418 1017 622 1092 absolutum
655 1029 693 1090 et
727 1015 945 1114 perpolitum
980 1027 1088 1090 esset.
1163 1018 1233 1088 Po·

9 1126 16 1187 i
124 1141 264 1200 memo
299 1127 435 1196 iterum
468 1147 489 1194 a
519 1119 694 1200 librorum
733 1117 883 1216 peuffla
908 1117 1047 1218 aliquid
1083 1143 1232 1192 axouaa·

7 1260 9 1297 ι
128 1231 244 1302 nonis
271 1223 469 1324 petendum
497 1234 572 1318 eat3
626 1219 724 1296 haud
756 1245 911 1318 paucos,
956 1219 1090 1317 quibua
1115 1219 1233 1292 libeu-

128 1343 191 1404 ter
221 1354 316 1402 uana
347 1351 487 1417 casem,
534 1349 581 1398 ue
609 1324 865 1423 Gottiugenaea
900 1321 1044 1420 quidam
1072 1320 1234 1398 thesauri

2 1490 7 1503 .
132 1429 438 1529 suppeditarunt,
472 1452 626 1527 quorum
649 1429 688 1498 iu
710 1449 861 1498 nurnero
886 1425 1046 1496 Annaiea
1070 1423 1234 1498 lectitati

1 1520 4 1544 '
129 1530 417 1628 Archaeoloqici
450 1541 532 1628 post
563 1557 597 1604 a.
622 1524 727 1600 1857
762 1527 876 1600 fuiaac
909 1523 1134 1601 mirabuntur
1169 1528 1234 1625 qui

220 1636 311 1706 rint.
1131 1683 1135 1696 .

132 1634 218 1734 h&
240 1736 287 1808 ln
305 1733 512 1833 Appendice
530 1733 735 1836 Epicharmi
750 1729 1025 1831 Sophronisque
1051 1732 1232 1830 fragmen·

137 1853 199 1930 ta,
241 1863 338 1936 quae
360 1837 505 1935 quidem
526 1839 686 1934 ipsorum
711 1843 896 1933 poitarum
922 1833 1030 1908 verba
1055 1833 1137 1930 plus
1160 1835 1235 1904 sin·

132 1937 226 2044 gula
251 1940 501 2030 continerent,
541 1939 684 2036 aliaque
709 1936 951 2012 emendatiora
978 1933 1232 2029 exhibuimus3

135 2043 277 2142 quibua
290 2044 560 2114 annotationem
577 2037 700 2138 paullo
721 2038 930 2136 ampliorem
952 2037 1109 2135 adjicere
1130 2063 1235 2134 opor-

139 2147 239 2249 tuit,
277 2145 363 2242 qnia
395 2145 517 2216 minna
577 2169 659 2214 uam
705 2141 888 2238 inprimi
917 2137 1003 2212 libri
1037 2137 1235 2236 appendice

9 2278 23 2317 ,ι
141 2243 400 2348 apppetebant‚
448 2270 522 2345 quo
548 2169 810 2343 iitlegaremua.
889 2241 981 2314 Nam
1008 2237 1235 2340 Epicharmu-

10 2346 15 2373 '
133 2373 244 2524 ἦ
271 2345 439 2420 collectio
464 2347 767 2435 terracmam,
802 2343 1096 2442 Sophroneorum
1116 2345 1235 2416 Blom·

227 2475 310 2522 rana
335 2451 376 2520 in
397 2474 593 2548 pancorum
626 2449 791 2520 manibus
823 2457 909 2519 aunt
942 2471 1060 2546 neque
1084 2445 1236 2518 idoneae

137 2577 220 2626 eaae
251 2549 469 2624 ridebantur
500 2548 633 2650 quibua
667 2575 733 2648 pro
768 2547 1003 2622 fundamento
1037 2557 1233 2622 uteremur.

137 2655 333 2735 Moneo
358 2651 545 2744 codicum,
573 2679 592 2724 a
620 2653 755 2751 quibua
780 2650 1048 2724 emendationes
1074 2661 1236 2750 receptae

137 2757 308 2856 proxime
334 2751 488 2846 abeunt,
528 2755 567 2826 in
594 2755 756 2854 margine
779 2747 866 2827 aine'
884 2751 1064 2827 indicibus
1090 2754 1237 2829 adnota-

137 2860 283 2952 vimna3
334 2869 504 2930 accentus
535 2857 711 2928 rationem
745 2855 936 2948 Doricam,
987 2855 1025 2928 id
1062 2856 1160 2957 qnod
1198 2862 1238 2934 iu

9 2938 23 3003 '¹
139 2959 285 3058 reliquo
311 2955 405 3032 libro
435 2969 685 3057 praeterquam
711 2959 750 3030 in
775 2957 1030 3059 paradigmatis
1056 2985 1130 3034 non
1159 2964 1238 3036 anai

139 3086 309 3152 maana,
348 3060 454 3132 tacite
480 3059 716 3133 restituimus.

248 3161 293 3234 ln
318 3161 584 3234 Additamentia
604 3161 650 3234 ad
676 3173 868 3263 utrumque
895 3161 1028 3236 librum
1055 3189 1115 3258 ea,
1144 3191 1238 3266 quae

138 3267 329 3338 latuerant
352 3289 418 3338 noa
443 3290 464 3338 e
488 3262 605 3338 titulia
629 3275 666 3338 et
687 3263 790 3338 libris
813 3263 871 3338 vel
893 3265 979 3338 olim
1006 3270 1161 3368 coguitis
1179 3268 1239 3343 vel

137 3392 228 3442 aero
253 3364 391 3458 allatis,
419 3391 494 3439 uon
516 3365 679 3440 addenda
704 3369 933 3460 censuimus,
965 3370 1036 3441 nisi
1061 3381 1123 3448 aut
1146 3397 1238 3444 nova

138 3467 230 3542 inde
265 3479 480 3566 apparerent
520 3479 584 3540 ant
624 3465 733 3542 dubia
768 3471 883 3570 magia
923 3453 1233 3546 confirmarentur.

140 3570 324 3669 Alioquin
351 3571 446 3643 anim
473 3571 602 3669 ingena
624 3569 784 3644 locorum
808 3599 981 3645 numerus
1002 3575 1238 3672 apponendus

139 3673 297 3764 suimet,
349 3673 555 3770 praeaertim
591 3699 611 3746 c
643 3673 804 3746 Crameri
835 3671 1103 3748 Auecdotorum
1139 3679 1238 3748 Pari·

137 3777 320 3850 niensium
354 3773 453 3846 volt.
479 3773 626 3846 11th
658 3785 694 3848 et
719 3773 972 3850 Choeroboaco
997 3777 1043 3850 ad
1071 3777 1238 3852 Theodo-

137 3879 187 3951 aii
215 3875 385 3950 Canonea
412 3873 471 3950 ed.
502 3875 694 3968 Garatom,
738 3879 803 3978 qui
834 3877 920 3950 libri
955 3892 1037 3977 poat
1072 3903 1237 3979 magnum

136 3977 255 4078 hnjna
279 3976 474 4052 voluminis
502 3991 638 4078 partem
661 3979 860 4053 absolutam
887 3991 923 4053 et
948 3979 1143 4080 typothetia
1166 3993 1238 4054 tra·

140 4081 251 4156 ditam
279 4079 328 4154 ad
352 4106 421 4154 noa
454 4093 709 4178 pervenerunt.
772 4081 900 4182 Neque
925 4081 1005 4156 fieri
1031 4093 1171 4182 poterat
1198 4096 1240 4157 ut

143 4182 302 4258 addenda
332 4195 371 4258 et
402 4181 613 4283 corrigenda
646 4183 802 4284 singulis
833 4185 976 4284 paginia
1010 4196 1045 4257 et
1072 4187 1239 4259 versibus
