2914 4820
244 353 294 432 40
475 373 477 382 ’
568 353 602 445 §.
630 353 666 427 5.
702 353 776 426 ¹Do
802 297 999 450 digamma.

245 555 323 624 libai
342 552 570 640 paaat'rlttlov
589 553 766 646 praebent,
788 561 849 618 nee
868 549 978 618 miuus
992 549 1092 638 ἁμέρα
1103 559 1238 642 propter
1253 547 1347 636 ἦμαρ

246 668 280 724 et
299 656 473 722 Pindariea
493 655 648 740 ἐπάμεροι
667 653 708 720 P.
723 653 826 738 Vlll,
848 655 891 721 99
911 663 945 718 et
964 652 1178 738 πεμιιτάμεροσ
1198 653 1242 718 0.
1258 653 1347 738 V,6

245 782 307 852 pro
328 758 488 843 ἐφήμερος
507 765 541 823 et
560 754 766 844 πενθήμερις.
809 755 925 845 Neque
946 767 1053 822 tamen
1066 755 1242 846 quidquam
1258 755 1347 821 eerti

246 857 444 932 constituere
472 859 640 925 audemus.
698 857 851 924 Ceterum
872 857 912 922 ad
930 857 1101 946 Apollonii
1122 853 1268 945 regularia
1289 857 1370 923 re·'

245 963 332 1028 l'erre
361 961 440 1027 lieet
467 959 527 1026 ἔστ’
558 962 664 1046 tuor,
708 958 797 1050 quod
817 958 934 1048 Epiels.
957 955 1020 1025 147
1047 957 1133 1048 apud
1161 957 1347 1024 Eusebium

245 1062 370 1153 legitur
389 1074 422 1129 et
441 1061 602 1152 Hesychii
623 1061 765 1149 glossam
786 1060 920 1140 ι’σιόαα,
952 1059 1064 1126 ἐνιότε·
1108 1061 1293 1146 Ταραντῖνοι
1316 1061 1343 1126 i.

245 1189 276 1232 a.
299 1190 353 1230 eor
384 1189 455 1230 oxu.

330 1267 365 1345 5)
408 1264 512 1330 Vides
534 1287 631 1356 quarn
652 1263 760 1330 omnia
781 1264 848 1330 sint
866 1264 1001 1330 ineerta.
1045 1263 1129 1332 Nam
1143 1265 1347 1332 lleraeleen-

248 1368 333 1432 sium
354 1366 390 1432 in
411 1365 464 1431 his
492 1367 712 1451 cousuetudo,
755 1366 796 1432 de
823 1389 889 1456 quo
916 1366 1027 1456 paullo
1054 1367 1172 1434 melius
1199 1379 1346 1454 constat,
1438 1441 1439 1446 η

248 1491 327 1534 nunt
348 1467 388 1532 ad
410 1467 555 1558 reliquos
577 1491 707 1558 quoque
731 1466 911 1534 Dorienses
932 1468 1145 1557 pertinuerit,
1181 1469 1259 1536 satis
1281 1468 1346 1536 du·

247 1569 339 1635 tium
367 1577 438 1653 est,
474 1569 665 1658 praesertim
685 1591 786 1659 quum
807 1568 907 1634 iidem
927 1568 963 1633 in
984 1569 1136 1658 digamni
1157 1593 1218 1636 usu
1239 1571 1346 1638 multa

248 1669 427 1758 singularia
447 1669 588 1734 habeant
607 1695 625 1734 a
646 1670 846 1761 reliquorum
861 1669 1079 1754 Graecorum,
1101 1671 1158 1760 qni
1180 1670 1346 1760 digamma

248 1771 474 1855 retinuerunt,
505 1793 567 1836 usu
590 1771 706 1838 aliena.
750 1770 974 1838 Nihilominus
994 1771 1168 1838 nonnullas
1188 1773 1279 1860 leges
1299 1774 1346 1840 (le

249 1871 422 1964 spirituum
442 1871 529 1962 apud
549 1869 729 1938 Dorienses
750 1872 875 1939 ratione
897 1867 1093 1940 eonstituere
1114 1874 1289 1940 audemusa

332 1973 468 2040 Doridis
497 1997 577 2039 usus
605 1998 679 2040 oum
706 1974 833 2064 vulgari
861 1975 896 2040 in
927 1975 1114 2042 universum
1136 1975 1348 2066 conspirabat

248 2099 356 2170 neque
388 2075 590 2167 discrepabat
622 2076 688 2143 nisi
717 2077 753 2142 in
791 2076 932 2166 singulis
968 2077 1160 2167 wilusdam
1191 2075 1342 2144 vocilius.

248 2175 374 2244 Lenem
395 2200 455 2267 pro
476 2177 603 2266 vulgari
626 2201 741 2268 aspero
769 2178 823 2246 vel
849 2178 935 2268 apud
956 2201 1068 2244 ornnes
1089 2179 1267 2244 Dorienses
1288 2179 1346 2246 vel

249 2278 284 2344 in
306 2277 447 2367 singulis
469 2280 645 2366 generibus
665 2303 731 2344 non
752 2278 913 2346 habebant
933 2279 998 2344 nisi
1025 2303 1082 2346 eae
1102 2299 1219 2364 voees,
1256 2303 1345 2368 quae
1438 2341 1439 2346 ,

249 2379 290 2444 alt
316 2379 445 2468 origiue
474 2390 508 2444 et
532 2379 568 2444 in
588 2379 747 2444 Lesbiaea
772 2379 910 2446 alialeeto
941 2403 1092 2470 asperum
1113 2391 1344 2470 aspernantur,

250 2481 363 2570 quales
384 2489 462 2546 sunt
492 2480 568 2564 ὅρος
596 2503 670 2546 eum
698 2479 871 2566 derivatis,
904 2479 993 2559 teta,
1028 2480 1174 2564 ἀμαξιτός
1203 2485 1268 2562 (ιιι.
1291 2483 1344 2566 2),

255 2583 366 2666 ἵππος,
400 2579 514 2668 ἰαρός,
549 2579 694 2666 ἁρμόζοι,
727 2581 855 2666 ἇγέομαι
875 2607 949 2649 euna
969 2583 1121 2650 derivatis
1148 2583 1213 2666 (nr.
1237 2584 1277 2666 3,
1299 2583 1344 2648 ds

250 2681 400 2760 ’Τνάσιος
429 2694 462 2748 et
484 2681 554 2746 elvia
576 2704 687 2772 parum
708 2688 866 2762 constat),
897 2685 1034 2750 fortasse
1065 2685 1152 2760 ἅλιος
1180 2695 1213 2749 at
1240 2681 1344 2766 ἁμέρα

253 2780 318 2862 (nr.
340 2785 389 2860 4).
445 2783 535 2870 Ergo
557 2783 665 2850 Dores
687 2783 852 2874 nunqnam
872 2781 993 2852 temere
1013 2785 1120 2852 lenem
1144 2809 1204 2875 pro
1225 2807 1343 2874 aspero

252 2894 506 2974 assumpserunt.
553 2885 674 2952 Contra
694 2909 770 2976 pars
788 2897 875 2952 certe
889 2886 1099 2952 Dorieusium
1114 2885 1220 2976 asperi
1234 2909 1343 2954 anaau-

252 2986 317 3050 tior
337 2987 400 3050 fuit
442 2981 791 3077 quem'llaraeleen'aea
811 3011 912 3079 quum
932 2988 968 3053 iu
989 2987 1062 3053 aliis
1081 2993 1151 3054 tum
1172 2988 1206 3052 iu
1228 3009 1342 3052 uume-
1438 2989 1439 3004 ¹

252 3086 375 3152 ralilaus
398 3033 478 3152 istu
498 3097 532 3152 et
554 3074 639 3152 luvelt
659 3099 835 3175 noverunt,
879 3089 936 3155 alii
963 3089 1060 3155 etiarn
1086 3089 1133 3156 iu¹
1148 3093 1211 3164 ἕςτε
1231 3089 1272 3154 ala
1294 3087 1341 3163 ἐς.

253 3187 419 3252 luterduna
441 3211 537 3278 asper
557 3213 575 3254 e
596 3187 757 3278 digamma
784 3191 888 3257 laetus
915 3201 985 3276 est,
1018 3200 1054 3255 ut
1081 3191 1167 3280 apud
1187 3187 1342 3254 lleraele-
1438 3207 1439 3212 ’

252 3309 347 3352 enses
368 3289 402 3354 in
425 3295 522 3374 ἔργω,
546 3297 615 3366 ἴσος
637 3292 706 3370 (ubi
721 3291 894 3358 fluctuabat
913 3291 1132 3382 pronuntiatio
1152 3291 1238 3356 iuter
1250 3313 1342 3382 aspe-

251 3408 323 3450 rum
347 3400 379 3452 et
401 3389 523 3474 lenem)
554 3404 587 3459 et
606 3395 822 3480 πενταέτηρίς,
856 3417 956 3484 quum
985 3392 1052 3468 ἔτος
1079 3393 1238 3481 digamma
1264 3391 1343 3458 reti-

158 3579 161 3584 *
237 3487 399 3596 vetuisset,
421 3503 605 3580 praeterea,
627 3496 764 3586 opinor,
786 3494 821 3559 in
844 3496 1002 3572 ἐνιαυτός,
1026 3495 1069 3560 ol.
1093 3489 1125 3584 ᾖ.
1143 3495 1190 3588 Ι5,
1212 3494 1243 3559 8.

750 3655 783 3742 ς.
813 3655 844 3724 ι.

657 3799 718 3848 lte
735 3797 934 3862 ιΙΙςιιιιιι.

338 3883 370 3971 l)
412 3885 612 3972 Dorienses,
652 3891 843 3981 praesertim
861 3889 1032 3972 Lacones,
1074 3889 1234 3977 digamma
1262 3911 1341 3956 usos

207 4005 208 4010 ¹
253 4007 325 4048 esse
356 3995 389 4049 et
417 3989 618 4076 grammatici
648 4001 809 4058 testantur
824 3996 850 4070 ¹)
879 4003 912 4058 et
939 3987 1057 4081 reliqui
1086 3991 1193 4057 iontes
1224 3991 1341 4057 eoulir-

256 4129 510 4150 ...Ἢ

289 4210 316 4270 1)
352 4209 397 4264 De
416 4211 601 4275 Dotisusibus
618 4220 728 4293 Tryph.
752 4225 821 4277 nat.
841 4223 881 4282 λιε
913 4223 934 4289 fi.
956 4225 1003 4288 11,
1037 4221 1075 4276 de
1090 4219 1248 4288 breuibus
1263 4219 1340 4276 iden
