<?xml version="1.0" encoding="UTF-8"?>
<!DOCTYPE html PUBLIC "-//W3C//DTD XHTML 1.0 Transitional//EN"
    "http://www.w3.org/TR/xhtml1/DTD/xhtml1-transitional.dtd">
<html xmlns="http://www.w3.org/1999/xhtml" xml:lang="en" lang="en">
 <head>
  <title>
</title>
<meta http-equiv="Content-Type" content="text/html;charset=utf-8" />
  <meta name='ocr-system' content='tesseract 3.04.00' />
  <meta name='ocr-capabilities' content='ocr_page ocr_carea ocr_par ocr_line ocrx_word'/>
</head>
<body>
  <div class='ocr_page' id='page_1' title='image "./degraecaelingua00ahregoog_1079.png"; bbox 0 0 2844 4806; ppageno 0'>
   <div class='ocr_carea' id='block_1_1' title="bbox 259 343 1051 492">
    <p class='ocr_par' dir='ltr' id='par_1_1' title="bbox 259 343 1051 492">
     <span class='ocr_line' id='line_1_1' title="bbox 259 343 1051 492; baseline -0.009 -20"><span class='ocrx_word' id='word_1_1' title='bbox 259 392 335 472; x_wconf 75' lang='lat' dir='ltr'>ddd</span> <span class='ocrx_word' id='word_1_2' title='bbox 562 391 735 468; x_wconf 79' lang='lat' dir='ltr'>Addeuds</span> <span class='ocrx_word' id='word_1_3' title='bbox 759 407 795 466; x_wconf 85' lang='lat' dir='ltr'>et</span> <span class='ocrx_word' id='word_1_4' title='bbox 815 343 1051 492; x_wconf 67' lang='lat' dir='ltr'>Corrigenda,</span> 
     </span>
    </p>
   </div>
   <div class='ocr_carea' id='block_1_2' title="bbox 255 579 1403 4369">
    <p class='ocr_par' dir='ltr' id='par_1_2' title="bbox 257 579 1403 3446">
     <span class='ocr_line' id='line_1_2' title="bbox 264 579 1361 689; baseline -0.002 -23"><span class='ocrx_word' id='word_1_5' title='bbox 264 623 338 666; x_wconf 89' lang='lat' dir='ltr'>rnm</span> <span class='ocrx_word' id='word_1_6' title='bbox 363 597 548 664; x_wconf 72' lang='grc' dir='ltr'><strong><em>Ἱπποκλέαν</em></strong></span> <span class='ocrx_word' id='word_1_7' title='bbox 578 598 703 666; x_wconf 89' lang='lat' dir='ltr'>dicunt.</span> <span class='ocrx_word' id='word_1_8' title='bbox 755 599 903 689; x_wconf 80' lang='lat' dir='ltr'>Apparet</span> <span class='ocrx_word' id='word_1_9' title='bbox 932 579 1084 682; x_wconf 39' lang='lat' dir='ltr'>antem]</span> <span class='ocrx_word' id='word_1_10' title='bbox 1100 597 1309 666; x_wconf 74' lang='lat' dir='ltr'>scholiastcn</span> <span class='ocrx_word' id='word_1_11' title='bbox 1330 599 1361 664; x_wconf 92' lang='lat' dir='ltr'>id</span> 
     </span>
     <span class='ocr_line' id='line_1_3' title="bbox 264 700 1362 792; baseline -0.002 -24"><span class='ocrx_word' id='word_1_12' title='bbox 264 725 385 769; x_wconf 84' lang='lat' dir='ltr'>nomen</span> <span class='ocrx_word' id='word_1_13' title='bbox 406 725 474 768; x_wconf 92' lang='lat' dir='ltr'>non</span> <span class='ocrx_word' id='word_1_14' title='bbox 494 725 514 768; x_wconf 91' lang='lat' dir='ltr'>e</span> <span class='ocrx_word' id='word_1_15' title='bbox 536 700 630 768; x_wconf 85' lang='lat' dir='ltr'>docta</span> <span class='ocrx_word' id='word_1_16' title='bbox 651 701 792 791; x_wconf 79' lang='lat' dir='ltr'>qaedam</span> <span class='ocrx_word' id='word_1_17' title='bbox 813 700 1011 778; x_wconf 69' lang='lat' dir='ltr'>traditione,</span> <span class='ocrx_word' id='word_1_18' title='bbox 1043 701 1102 766; x_wconf 88' lang='lat' dir='ltr'>sed</span> <span class='ocrx_word' id='word_1_19' title='bbox 1124 726 1166 768; x_wconf 81' lang='lat' dir='ltr'>cx</span> <span class='ocrx_word' id='word_1_20' title='bbox 1188 701 1270 792; x_wconf 87' lang='lat' dir='ltr'>ipso</span> <span class='ocrx_word' id='word_1_21' title='bbox 1290 703 1362 768; x_wconf 83' lang='lat' dir='ltr'>Pin·</span> 
     </span>
     <span class='ocr_line' id='line_1_4' title="bbox 263 802 1362 892; baseline 0 -22"><span class='ocrx_word' id='word_1_22' title='bbox 263 803 345 870; x_wconf 83' lang='lat' dir='ltr'>daco</span> <span class='ocrx_word' id='word_1_23' title='bbox 366 803 529 870; x_wconf 81' lang='lat' dir='ltr'>hausisse.</span> <span class='ocrx_word' id='word_1_24' title='bbox 581 802 651 868; x_wconf 77' lang='lat' dir='ltr'>vix</span> <span class='ocrx_word' id='word_1_25' title='bbox 677 815 787 870; x_wconf 90' lang='lat' dir='ltr'>tamen</span> <span class='ocrx_word' id='word_1_26' title='bbox 815 813 904 870; x_wconf 85' lang='lat' dir='ltr'>recte</span> <span class='ocrx_word' id='word_1_27' title='bbox 930 802 1130 892; x_wconf 71' lang='lat' dir='ltr'>collegeris,</span> <span class='ocrx_word' id='word_1_28' title='bbox 1163 828 1244 868; x_wconf 85' lang='lat' dir='ltr'>cnm</span> <span class='ocrx_word' id='word_1_29' title='bbox 1266 806 1362 870; x_wconf 83' lang='lat' dir='ltr'>altero</span> 
     </span>
     <span class='ocr_line' id='line_1_5' title="bbox 264 905 1362 994; baseline -0.004 -22"><span class='ocrx_word' id='word_1_30' title='bbox 264 908 339 974; x_wconf 87' lang='lat' dir='ltr'>loco</span> <span class='ocrx_word' id='word_1_31' title='bbox 351 907 536 972; x_wconf 77' lang='grc' dir='ltr'><em>Ἱπποκλέαν</em></span> <span class='ocrx_word' id='word_1_32' title='bbox 556 905 714 994; x_wconf 87' lang='lat' dir='ltr'>scriptum</span> <span class='ocrx_word' id='word_1_33' title='bbox 735 905 923 990; x_wconf 70' lang='lat' dir='ltr'>invenisse,</span> <span class='ocrx_word' id='word_1_34' title='bbox 953 905 1011 971; x_wconf 89' lang='lat' dir='ltr'>sed</span> <span class='ocrx_word' id='word_1_35' title='bbox 1031 929 1134 994; x_wconf 84' lang='lat' dir='ltr'>quum</span> <span class='ocrx_word' id='word_1_36' title='bbox 1154 906 1255 994; x_wconf 90' lang='lat' dir='ltr'>prior</span> <span class='ocrx_word' id='word_1_37' title='bbox 1273 907 1362 972; x_wconf 86' lang='lat' dir='ltr'>locas</span> 
     </span>
     <span class='ocr_line' id='line_1_6' title="bbox 265 1007 1361 1089; baseline 0 -15"><span class='ocrx_word' id='word_1_38' title='bbox 265 1007 307 1074; x_wconf 90' lang='lat' dir='ltr'>dc</span> <span class='ocrx_word' id='word_1_39' title='bbox 328 1008 472 1076; x_wconf 86' lang='lat' dir='ltr'>nominis</span> <span class='ocrx_word' id='word_1_40' title='bbox 494 1009 600 1076; x_wconf 79' lang='lat' dir='ltr'>forma</span> <span class='ocrx_word' id='word_1_41' title='bbox 621 1007 732 1074; x_wconf 80' lang='lat' dir='ltr'>testari</span> <span class='ocrx_word' id='word_1_42' title='bbox 754 1007 943 1089; x_wconf 85' lang='lat' dir='ltr'>videretur,</span> <span class='ocrx_word' id='word_1_43' title='bbox 976 1008 1116 1074; x_wconf 76' lang='lat' dir='ltr'>alterum</span> <span class='ocrx_word' id='word_1_44' title='bbox 1135 1008 1254 1074; x_wconf 85' lang='lat' dir='ltr'>minus</span> <span class='ocrx_word' id='word_1_45' title='bbox 1276 1033 1361 1074; x_wconf 87' lang='lat' dir='ltr'>cara·</span> 
     </span>
     <span class='ocr_line' id='line_1_7' title="bbox 264 1109 1360 1202; baseline -0.003 -25"><span class='ocrx_word' id='word_1_46' title='bbox 264 1111 324 1178; x_wconf 82' lang='lat' dir='ltr'>vit.</span> <span class='ocrx_word' id='word_1_47' title='bbox 368 1111 588 1202; x_wconf 71' lang='lat' dir='ltr'>Antiquior-es</span> <span class='ocrx_word' id='word_1_48' title='bbox 610 1111 714 1195; x_wconf 90' lang='lat' dir='ltr'>illos,</span> <span class='ocrx_word' id='word_1_49' title='bbox 747 1111 806 1200; x_wconf 86' lang='lat' dir='ltr'>qui</span> <span class='ocrx_word' id='word_1_50' title='bbox 827 1109 966 1175; x_wconf 89' lang='lat' dir='ltr'>Pindari</span> <span class='ocrx_word' id='word_1_51' title='bbox 988 1111 1133 1176; x_wconf 87' lang='lat' dir='ltr'>carmina</span> <span class='ocrx_word' id='word_1_52' title='bbox 1153 1110 1360 1201; x_wconf 73' lang='lat' dir='ltr'>collegernnt</span> 
     </span>
     <span class='ocr_line' id='line_1_8' title="bbox 265 1212 1359 1303; baseline -0.002 -23"><span class='ocrx_word' id='word_1_53' title='bbox 265 1223 298 1280; x_wconf 87' lang='lat' dir='ltr'>ct</span> <span class='ocrx_word' id='word_1_54' title='bbox 326 1212 591 1303; x_wconf 88' lang='lat' dir='ltr'>inscripserunt,</span> <span class='ocrx_word' id='word_1_55' title='bbox 632 1225 689 1278; x_wconf 90' lang='lat' dir='ltr'>aut</span> <span class='ocrx_word' id='word_1_56' title='bbox 709 1236 764 1278; x_wconf 82' lang='lat' dir='ltr'>cns</span> <span class='ocrx_word' id='word_1_57' title='bbox 787 1212 895 1279; x_wconf 88' lang='lat' dir='ltr'>solnm</span> <span class='ocrx_word' id='word_1_58' title='bbox 923 1213 1044 1278; x_wconf 77' lang='lat' dir='ltr'>formas</span> <span class='ocrx_word' id='word_1_59' title='bbox 1071 1213 1197 1303; x_wconf 74' lang='lat' dir='ltr'>legisse</span> <span class='ocrx_word' id='word_1_60' title='bbox 1218 1237 1305 1302; x_wconf 82' lang='lat' dir='ltr'>qnae</span> <span class='ocrx_word' id='word_1_61' title='bbox 1323 1213 1359 1278; x_wconf 91' lang='lat' dir='ltr'>ad</span> 
     </span>
     <span class='ocr_line' id='line_1_9' title="bbox 263 1303 1403 1403; baseline -0.001 -22"><span class='ocrx_word' id='word_1_62' title='bbox 263 1316 501 1382; x_wconf 71' lang='lat' dir='ltr'>nominativum</span> <span class='ocrx_word' id='word_1_63' title='bbox 528 1315 697 1390; x_wconf 77' lang='grc' dir='ltr'>Ἱπποκλῆς</span> <span class='ocrx_word' id='word_1_64' title='bbox 724 1315 842 1380; x_wconf 83' lang='lat' dir='ltr'>rcl&#39;erri</span> <span class='ocrx_word' id='word_1_65' title='bbox 870 1325 1029 1403; x_wconf 76' lang='lat' dir='ltr'>possent,</span> <span class='ocrx_word' id='word_1_66' title='bbox 1068 1326 1125 1378; x_wconf 88' lang='lat' dir='ltr'>ant</span> <span class='ocrx_word' id='word_1_67' title='bbox 1150 1317 1214 1381; x_wconf 79' lang='lat' dir='ltr'>luoc</span> <span class='ocrx_word' id='word_1_68' title='bbox 1246 1339 1358 1382; x_wconf 85' lang='lat' dir='ltr'>nonca</span> <span class='ocrx_word' id='word_1_69' title='bbox 1402 1303 1403 1370; x_wconf 70' lang='lat' dir='ltr'>l</span> 
     </span>
     <span class='ocr_line' id='line_1_10' title="bbox 262 1403 1403 1506; baseline 0.002 -24"><span class='ocrx_word' id='word_1_70' title='bbox 262 1428 297 1482; x_wconf 85' lang='lat' dir='ltr'>ct</span> <span class='ocrx_word' id='word_1_71' title='bbox 313 1415 500 1489; x_wconf 64' lang='grc' dir='ltr'>εἸπποαλεας</span> <span class='ocrx_word' id='word_1_72' title='bbox 520 1437 589 1480; x_wconf 92' lang='lat' dir='ltr'>non</span> <span class='ocrx_word' id='word_1_73' title='bbox 609 1413 740 1480; x_wconf 81' lang='lat' dir='ltr'>diversa</span> <span class='ocrx_word' id='word_1_74' title='bbox 761 1414 993 1496; x_wconf 76' lang='lat' dir='ltr'>existimasse,</span> <span class='ocrx_word' id='word_1_75' title='bbox 1033 1416 1171 1505; x_wconf 83' lang='lat' dir='ltr'>antiqua</span> <span class='ocrx_word' id='word_1_76' title='bbox 1191 1417 1357 1506; x_wconf 77' lang='lat' dir='ltr'>inscriptio</span> <span class='ocrx_word' id='word_1_77' title='bbox 1402 1403 1403 1406; x_wconf 20' lang='lat'>¹</span> 
     </span>
     <span class='ocr_line' id='line_1_11' title="bbox 261 1515 1403 1608; baseline 0 -26"><span class='ocrx_word' id='word_1_78' title='bbox 261 1519 420 1582; x_wconf 77' lang='lat' dir='ltr'>‘quoalsi</span> <span class='ocrx_word' id='word_1_79' title='bbox 406 1516 603 1606; x_wconf 76' lang='lat' dir='ltr'>cpatclacit.</span> <span class='ocrx_word' id='word_1_80' title='bbox 649 1515 743 1600; x_wconf 75' lang='lat' dir='ltr'>Quae</span> <span class='ocrx_word' id='word_1_81' title='bbox 764 1539 867 1604; x_wconf 85' lang='lat' dir='ltr'>quum</span> <span class='ocrx_word' id='word_1_82' title='bbox 887 1515 935 1582; x_wconf 90' lang='lat' dir='ltr'>ita</span> <span class='ocrx_word' id='word_1_83' title='bbox 957 1516 1044 1601; x_wconf 90' lang='lat' dir='ltr'>sint,</span> <span class='ocrx_word' id='word_1_84' title='bbox 1078 1543 1196 1608; x_wconf 84' lang='lat' dir='ltr'>parnm</span> <span class='ocrx_word' id='word_1_85' title='bbox 1215 1533 1308 1586; x_wconf 87' lang='lat' dir='ltr'>eante</span> <span class='ocrx_word' id='word_1_86' title='bbox 1328 1521 1356 1584; x_wconf 78' lang='lat' dir='ltr'>is</span> <span class='ocrx_word' id='word_1_87' title='bbox 1402 1569 1403 1582; x_wconf 67' lang='grc'>,</span> 
     </span>
     <span class='ocr_line' id='line_1_12' title="bbox 261 1593 1403 1710; baseline 0 -24"><span class='ocrx_word' id='word_1_88' title='bbox 261 1617 524 1710; x_wconf 76' lang='lat' dir='ltr'>ogerevidetur,</span> <span class='ocrx_word' id='word_1_89' title='bbox 547 1618 607 1708; x_wconf 87' lang='lat' dir='ltr'>qni</span> <span class='ocrx_word' id='word_1_90' title='bbox 627 1619 730 1686; x_wconf 81' lang='lat' dir='ltr'>altero</span> <span class='ocrx_word' id='word_1_91' title='bbox 751 1611 825 1686; x_wconf 91' lang='lat' dir='ltr'>loco</span> <span class='ocrx_word' id='word_1_92' title='bbox 846 1619 1026 1686; x_wconf 71' lang='lat' dir='ltr'>literam</span> <span class='ocrx_word' id='word_1_93' title='bbox 999 1643 1072 1687; x_wconf 78' lang='lat' dir='ltr'>sane</span> <span class='ocrx_word' id='word_1_94' title='bbox 1092 1621 1191 1686; x_wconf 83' lang='lat' dir='ltr'>libris</span> <span class='ocrx_word' id='word_1_95' title='bbox 1210 1593 1403 1687; x_wconf 91' lang='lat' dir='ltr'>addendo</span> <span class='ocrx_word' id='word_1_96' title='bbox 1402 1647 1403 1650; x_wconf 43' lang='lat'>¹</span> 
     </span>
     <span class='ocr_line' id='line_1_13' title="bbox 261 1719 1354 1840; baseline 0 -52"><span class='ocrx_word' id='word_1_97' title='bbox 261 1719 482 1788; x_wconf 72' lang='lat' dir='ltr'>accusativum</span> <span class='ocrx_word' id='word_1_98' title='bbox 502 1722 686 1792; x_wconf 46' lang='grc' dir='ltr'>Ηῶιπονλεαν</span> <span class='ocrx_word' id='word_1_99' title='bbox 707 1722 844 1808; x_wconf 66' lang='lat' dir='ltr'>efficiet,</span> <span class='ocrx_word' id='word_1_100' title='bbox 874 1745 948 1786; x_wconf 79' lang='lat' dir='ltr'>nom</span> <span class='ocrx_word' id='word_1_101' title='bbox 968 1721 1157 1804; x_wconf 72' lang='grc' dir='ltr'>Ἱπποκλέα,</span> <span class='ocrx_word' id='word_1_102' title='bbox 1179 1721 1261 1812; x_wconf 86' lang='lat' dir='ltr'>qnod</span> <span class='ocrx_word' id='word_1_103' title='bbox 1282 1747 1354 1840; x_wconf 77' lang='lat' dir='ltr'>pro·</span> 
     </span>
     <span class='ocr_line' id='line_1_14' title="bbox 261 1823 1352 1915; baseline -0.003 -24"><span class='ocrx_word' id='word_1_104' title='bbox 261 1823 456 1915; x_wconf 82' lang='lat' dir='ltr'>posuimus,</span> <span class='ocrx_word' id='word_1_105' title='bbox 487 1823 614 1890; x_wconf 78' lang='lat' dir='ltr'>etiamsi</span> <span class='ocrx_word' id='word_1_106' title='bbox 634 1824 743 1914; x_wconf 87' lang='lat' dir='ltr'>priore</span> <span class='ocrx_word' id='word_1_107' title='bbox 764 1825 840 1892; x_wconf 94' lang='lat' dir='ltr'>loco</span> <span class='ocrx_word' id='word_1_108' title='bbox 859 1823 1027 1904; x_wconf 61' lang='grc' dir='ltr'>ιἸπποπλεοι</span> <span class='ocrx_word' id='word_1_109' title='bbox 1046 1834 1181 1910; x_wconf 75' lang='lat' dir='ltr'>teneus,</span> <span class='ocrx_word' id='word_1_110' title='bbox 1213 1849 1279 1892; x_wconf 94' lang='lat' dir='ltr'>non</span> <span class='ocrx_word' id='word_1_111' title='bbox 1296 1823 1352 1889; x_wconf 82' lang='lat' dir='ltr'>mi-</span> 
     </span>
     <span class='ocr_line' id='line_1_15' title="bbox 261 1924 1353 2016; baseline -0.003 -23"><span class='ocrx_word' id='word_1_112' title='bbox 261 1951 326 1993; x_wconf 90' lang='lat' dir='ltr'>nna</span> <span class='ocrx_word' id='word_1_113' title='bbox 353 1924 433 1992; x_wconf 82' lang='lat' dir='ltr'>ferri</span> <span class='ocrx_word' id='word_1_114' title='bbox 461 1936 592 2013; x_wconf 87' lang='lat' dir='ltr'>potest,</span> <span class='ocrx_word' id='word_1_115' title='bbox 629 1949 728 2015; x_wconf 82' lang='lat' dir='ltr'>qnam</span> <span class='ocrx_word' id='word_1_116' title='bbox 758 1926 794 1993; x_wconf 90' lang='lat' dir='ltr'>in</span> <span class='ocrx_word' id='word_1_117' title='bbox 822 1924 935 1992; x_wconf 83' lang='lat' dir='ltr'>cedem</span> <span class='ocrx_word' id='word_1_118' title='bbox 960 1925 1130 1992; x_wconf 84' lang='lat' dir='ltr'>Plutarclri</span> <span class='ocrx_word' id='word_1_119' title='bbox 1157 1929 1353 2016; x_wconf 73' lang='lat' dir='ltr'>paragrapho</span> 
     </span>
     <span class='ocr_line' id='line_1_16' title="bbox 263 2023 1403 2128; baseline 0 -36"><span class='ocrx_word' id='word_1_120' title='bbox 263 2023 494 2108; x_wconf 78' lang='lat' dir='ltr'>oillospouls&#39;c</span> <span class='ocrx_word' id='word_1_121' title='bbox 515 2039 549 2092; x_wconf 85' lang='lat' dir='ltr'>et</span> <span class='ocrx_word' id='word_1_122' title='bbox 564 2028 784 2113; x_wconf 75' lang='grc' dir='ltr'><strong><em>Πατροκλέους</em></strong></span> <span class='ocrx_word' id='word_1_123' title='bbox 799 2027 917 2113; x_wconf 81' lang='lat' dir='ltr'>juncta</span> <span class='ocrx_word' id='word_1_124' title='bbox 937 2039 1027 2094; x_wconf 88' lang='lat' dir='ltr'>sunt.</span> <span class='ocrx_word' id='word_1_125' title='bbox 1070 2027 1191 2117; x_wconf 83' lang='lat' dir='ltr'>Neque</span> <span class='ocrx_word' id='word_1_126' title='bbox 1210 2029 1256 2094; x_wconf 82' lang='lat' dir='ltr'>G.</span> <span class='ocrx_word' id='word_1_127' title='bbox 1280 2031 1353 2094; x_wconf 84' lang='lat' dir='ltr'>ller-</span> <span class='ocrx_word' id='word_1_128' title='bbox 1402 2091 1403 2128; x_wconf 45' lang='lat'>,</span> 
     </span>
     <span class='ocr_line' id='line_1_17' title="bbox 261 2127 1403 2218; baseline -0.004 -20"><span class='ocrx_word' id='word_1_129' title='bbox 261 2155 403 2198; x_wconf 77' lang='lat' dir='ltr'>munus</span> <span class='ocrx_word' id='word_1_130' title='bbox 425 2127 610 2196; x_wconf 74' lang='lat' dir='ltr'>andiendus</span> <span class='ocrx_word' id='word_1_131' title='bbox 632 2141 706 2214; x_wconf 84' lang='lat' dir='ltr'>est,</span> <span class='ocrx_word' id='word_1_132' title='bbox 741 2153 842 2218; x_wconf 85' lang='lat' dir='ltr'>quum</span> <span class='ocrx_word' id='word_1_133' title='bbox 864 2129 899 2194; x_wconf 91' lang='lat' dir='ltr'>in</span> <span class='ocrx_word' id='word_1_134' title='bbox 920 2129 1216 2196; x_wconf 80' lang='lat' dir='ltr'>Emendationilsns</span> <span class='ocrx_word' id='word_1_135' title='bbox 1241 2131 1354 2197; x_wconf 87' lang='lat' dir='ltr'>Pinda·</span> <span class='ocrx_word' id='word_1_136' title='bbox 1402 2129 1403 2132; x_wconf 66' lang='grc'>’</span> 
     </span>
     <span class='ocr_line' id='line_1_18' title="bbox 260 2230 1354 2322; baseline -0.003 -21"><span class='ocrx_word' id='word_1_137' title='bbox 260 2233 342 2301; x_wconf 77' lang='lat' dir='ltr'>uicis</span> <span class='ocrx_word' id='word_1_138' title='bbox 357 2232 534 2298; x_wconf 89' lang='lat' dir='ltr'>dictionem</span> <span class='ocrx_word' id='word_1_139' title='bbox 554 2233 716 2322; x_wconf 81' lang='lat' dir='ltr'>poeticam</span> <span class='ocrx_word' id='word_1_140' title='bbox 737 2231 913 2298; x_wconf 85' lang='lat' dir='ltr'>articulum</span> <span class='ocrx_word' id='word_1_141' title='bbox 933 2230 988 2296; x_wconf 80' lang='grc' dir='ltr'>τὸν</span> <span class='ocrx_word' id='word_1_142' title='bbox 1000 2233 1186 2299; x_wconf 73' lang='grc' dir='ltr'>Ἱπποκλέαν</span> <span class='ocrx_word' id='word_1_143' title='bbox 1207 2257 1279 2299; x_wconf 88' lang='lat' dir='ltr'>non</span> <span class='ocrx_word' id='word_1_144' title='bbox 1300 2235 1354 2298; x_wconf 82' lang='lat' dir='ltr'>ler—</span> 
     </span>
     <span class='ocr_line' id='line_1_19' title="bbox 258 2331 1355 2426; baseline -0.004 -22"><span class='ocrx_word' id='word_1_145' title='bbox 258 2359 297 2404; x_wconf 64' lang='grc' dir='ltr'>τε</span> <span class='ocrx_word' id='word_1_146' title='bbox 325 2335 477 2423; x_wconf 87' lang='lat' dir='ltr'>opinatus</span> <span class='ocrx_word' id='word_1_147' title='bbox 505 2333 558 2399; x_wconf 79' lang='lat' dir='ltr'>cdv</span> <span class='ocrx_word' id='word_1_148' title='bbox 580 2335 748 2401; x_wconf 78' lang='grc' dir='ltr'>Ἰππονλιά</span> <span class='ocrx_word' id='word_1_149' title='bbox 766 2331 805 2426; x_wconf 81' lang='grc' dir='ltr'>Ια’</span> <span class='ocrx_word' id='word_1_150' title='bbox 827 2331 873 2398; x_wconf 80' lang='grc' dir='ltr'>ἔτι</span> <span class='ocrx_word' id='word_1_151' title='bbox 898 2332 1054 2423; x_wconf 78' lang='lat' dir='ltr'>scripsit,</span> <span class='ocrx_word' id='word_1_152' title='bbox 1097 2343 1134 2398; x_wconf 89' lang='lat' dir='ltr'>nt</span> <span class='ocrx_word' id='word_1_153' title='bbox 1154 2333 1355 2425; x_wconf 84' lang='lat' dir='ltr'>Hippoclcae</span> 
     </span>
     <span class='ocr_line' id='line_1_20' title="bbox 259 2433 1356 2528; baseline -0.002 -25"><span class='ocrx_word' id='word_1_154' title='bbox 259 2447 352 2528; x_wconf 81' lang='lat' dir='ltr'>peter</span> <span class='ocrx_word' id='word_1_155' title='bbox 373 2436 488 2502; x_wconf 86' lang='lat' dir='ltr'>codem</span> <span class='ocrx_word' id='word_1_156' title='bbox 509 2437 642 2504; x_wconf 88' lang='lat' dir='ltr'>nomine</span> <span class='ocrx_word' id='word_1_157' title='bbox 663 2459 746 2504; x_wconf 85' lang='lat' dir='ltr'>usus</span> <span class='ocrx_word' id='word_1_158' title='bbox 768 2435 823 2502; x_wconf 86' lang='lat' dir='ltr'>sit.</span> <span class='ocrx_word' id='word_1_159' title='bbox 889 2433 968 2508; x_wconf 74' lang='lat' dir='ltr'>Sola</span> <span class='ocrx_word' id='word_1_160' title='bbox 989 2435 1078 2502; x_wconf 85' lang='lat' dir='ltr'>enim</span> <span class='ocrx_word' id='word_1_161' title='bbox 1099 2435 1219 2525; x_wconf 75' lang='lat' dir='ltr'>Pythia</span> <span class='ocrx_word' id='word_1_162' title='bbox 1253 2439 1356 2527; x_wconf 83' lang='lat' dir='ltr'>prrln·</span> 
     </span>
     <span class='ocr_line' id='line_1_21' title="bbox 262 2537 1356 2627; baseline -0.001 -20"><span class='ocrx_word' id='word_1_163' title='bbox 262 2539 378 2607; x_wconf 82' lang='lat' dir='ltr'>stranti</span> <span class='ocrx_word' id='word_1_164' title='bbox 399 2539 461 2604; x_wconf 85' lang='lat' dir='ltr'>trin</span> <span class='ocrx_word' id='word_1_165' title='bbox 480 2539 613 2606; x_wconf 87' lang='lat' dir='ltr'>articuli</span> <span class='ocrx_word' id='word_1_166' title='bbox 634 2563 710 2606; x_wconf 89' lang='lat' dir='ltr'>cum</span> <span class='ocrx_word' id='word_1_167' title='bbox 731 2537 921 2606; x_wconf 85' lang='lat' dir='ltr'>nominibus</span> <span class='ocrx_word' id='word_1_168' title='bbox 939 2538 1050 2624; x_wconf 87' lang='lat' dir='ltr'>juncti</span> <span class='ocrx_word' id='word_1_169' title='bbox 1072 2539 1221 2627; x_wconf 83' lang='lat' dir='ltr'>exempla</span> <span class='ocrx_word' id='word_1_170' title='bbox 1244 2563 1283 2608; x_wconf 87' lang='lat' dir='ltr'>se</span> <span class='ocrx_word' id='word_1_171' title='bbox 1304 2540 1356 2607; x_wconf 81' lang='lat' dir='ltr'>ol·</span> 
     </span>
     <span class='ocr_line' id='line_1_22' title="bbox 261 2639 1355 2726; baseline -0.001 -19"><span class='ocrx_word' id='word_1_172' title='bbox 261 2641 431 2708; x_wconf 74' lang='lat' dir='ltr'>tulerunts</span> <span class='ocrx_word' id='word_1_173' title='bbox 475 2641 601 2726; x_wconf 84' lang='lat'>11,73</span> <span class='ocrx_word' id='word_1_174' title='bbox 635 2643 653 2707; x_wconf 81' lang='grc' dir='ltr'>ὅ</span> <span class='ocrx_word' id='word_1_175' title='bbox 679 2641 929 2723; x_wconf 75' lang='grc' dir='ltr'><strong><em>Ῥαδάμανθυς,</em></strong></span> <span class='ocrx_word' id='word_1_176' title='bbox 972 2639 1100 2725; x_wconf 78' lang='lat' dir='ltr'>1V,66</span> <span class='ocrx_word' id='word_1_177' title='bbox 1129 2641 1150 2705; x_wconf 81' lang='grc' dir='ltr'><strong><em>ἄ</em></strong></span> <span class='ocrx_word' id='word_1_178' title='bbox 1177 2666 1210 2706; x_wconf 80' lang='grc' dir='ltr'>νε</span> <span class='ocrx_word' id='word_1_179' title='bbox 1241 2642 1355 2725; x_wconf 72' lang='grc' dir='ltr'><strong><em>Πυθώ,</em></strong></span> 
     </span>
     <span class='ocr_line' id='line_1_23' title="bbox 259 2739 1355 2832; baseline 0.003 -22"><span class='ocrx_word' id='word_1_180' title='bbox 259 2743 334 2829; x_wconf 89' lang='lat' dir='ltr'>XI,</span> <span class='ocrx_word' id='word_1_181' title='bbox 358 2745 399 2810; x_wconf 78' lang='lat'>59</span> <span class='ocrx_word' id='word_1_182' title='bbox 427 2739 481 2808; x_wconf 77' lang='grc' dir='ltr'>οόν</span> <span class='ocrx_word' id='word_1_183' title='bbox 499 2741 688 2826; x_wconf 72' lang='grc' dir='ltr'>Ἰφικλείδαν</span> <span class='ocrx_word' id='word_1_184' title='bbox 706 2741 838 2810; x_wconf 85' lang='grc' dir='ltr'><strong><em>Ἰόλαον.</em></strong></span> <span class='ocrx_word' id='word_1_185' title='bbox 894 2742 1011 2809; x_wconf 84' lang='lat' dir='ltr'>Restat</span> <span class='ocrx_word' id='word_1_186' title='bbox 1032 2752 1070 2807; x_wconf 92' lang='lat' dir='ltr'>ut</span> <span class='ocrx_word' id='word_1_187' title='bbox 1090 2742 1131 2808; x_wconf 92' lang='lat' dir='ltr'>de</span> <span class='ocrx_word' id='word_1_188' title='bbox 1151 2743 1266 2832; x_wconf 85' lang='lat' dir='ltr'>priore</span> <span class='ocrx_word' id='word_1_189' title='bbox 1286 2746 1355 2812; x_wconf 85' lang='lat' dir='ltr'>loco</span> 
     </span>
     <span class='ocr_line' id='line_1_24' title="bbox 260 2843 1355 2935; baseline 0.004 -25"><span class='ocrx_word' id='word_1_190' title='bbox 260 2845 420 2912; x_wconf 88' lang='lat' dir='ltr'>dicamus.</span> <span class='ocrx_word' id='word_1_191' title='bbox 453 2843 520 2912; x_wconf 88' lang='lat' dir='ltr'>Ubi</span> <span class='ocrx_word' id='word_1_192' title='bbox 541 2845 572 2910; x_wconf 82' lang='lat' dir='ltr'>si</span> <span class='ocrx_word' id='word_1_193' title='bbox 594 2844 669 2935; x_wconf 88' lang='lat' dir='ltr'>quis</span> <span class='ocrx_word' id='word_1_194' title='bbox 691 2845 842 2912; x_wconf 84' lang='lat' dir='ltr'>traditam</span> <span class='ocrx_word' id='word_1_195' title='bbox 864 2844 1040 2912; x_wconf 84' lang='lat' dir='ltr'>lectionem</span> <span class='ocrx_word' id='word_1_196' title='bbox 1057 2844 1226 2912; x_wconf 87' lang='lat' dir='ltr'>mordicus</span> <span class='ocrx_word' id='word_1_197' title='bbox 1249 2859 1355 2914; x_wconf 85' lang='lat' dir='ltr'>tenere</span> 
     </span>
     <span class='ocr_line' id='line_1_25' title="bbox 259 2946 1355 3040; baseline 0.004 -28"><span class='ocrx_word' id='word_1_198' title='bbox 259 2946 361 3030; x_wconf 79' lang='lat' dir='ltr'>velit,</span> <span class='ocrx_word' id='word_1_199' title='bbox 391 2969 480 3013; x_wconf 88' lang='lat' dir='ltr'>nunc</span> <span class='ocrx_word' id='word_1_200' title='bbox 501 2947 634 3038; x_wconf 81' lang='lat' dir='ltr'>quidem</span> <span class='ocrx_word' id='word_1_201' title='bbox 655 2971 723 3014; x_wconf 90' lang='lat' dir='ltr'>non</span> <span class='ocrx_word' id='word_1_202' title='bbox 744 2946 936 3016; x_wconf 73' lang='lat' dir='ltr'>conabimur</span> <span class='ocrx_word' id='word_1_203' title='bbox 957 2969 1029 3014; x_wconf 89' lang='lat' dir='ltr'>eam</span> <span class='ocrx_word' id='word_1_204' title='bbox 1049 2959 1087 3014; x_wconf 91' lang='lat' dir='ltr'>ut</span> <span class='ocrx_word' id='word_1_205' title='bbox 1105 2947 1282 3016; x_wconf 76' lang='lat' dir='ltr'>lsarbnrem</span> <span class='ocrx_word' id='word_1_206' title='bbox 1303 2974 1355 3040; x_wconf 81' lang='lat' dir='ltr'>per</span> 
     </span>
     <span class='ocr_line' id='line_1_26' title="bbox 258 3045 1403 3142; baseline 0.002 -26"><span class='ocrx_word' id='word_1_207' title='bbox 258 3045 327 3116; x_wconf 80' lang='lat' dir='ltr'>vim</span> <span class='ocrx_word' id='word_1_208' title='bbox 353 3047 503 3138; x_wconf 85' lang='lat' dir='ltr'>eripere,</span> <span class='ocrx_word' id='word_1_209' title='bbox 547 3050 606 3118; x_wconf 85' lang='lat' dir='ltr'>scd</span> <span class='ocrx_word' id='word_1_210' title='bbox 625 3049 801 3117; x_wconf 84' lang='lat' dir='ltr'>lectionem</span> <span class='ocrx_word' id='word_1_211' title='bbox 822 3059 988 3134; x_wconf 87' lang='lat' dir='ltr'>nostram,</span> <span class='ocrx_word' id='word_1_212' title='bbox 1029 3073 1114 3140; x_wconf 86' lang='lat' dir='ltr'>quac</span> <span class='ocrx_word' id='word_1_213' title='bbox 1135 3073 1177 3116; x_wconf 87' lang='lat' dir='ltr'>uc</span> <span class='ocrx_word' id='word_1_214' title='bbox 1199 3075 1271 3118; x_wconf 87' lang='lat' dir='ltr'>nna</span> <span class='ocrx_word' id='word_1_215' title='bbox 1290 3051 1353 3142; x_wconf 83' lang='lat' dir='ltr'>qni·</span> <span class='ocrx_word' id='word_1_216' title='bbox 1402 3119 1403 3128; x_wconf 62' lang='grc'>,</span> 
     </span>
     <span class='ocr_line' id='line_1_27' title="bbox 260 3135 1403 3242; baseline 0.002 -26"><span class='ocrx_word' id='word_1_217' title='bbox 260 3149 335 3216; x_wconf 87' lang='lat' dir='ltr'>dom</span> <span class='ocrx_word' id='word_1_218' title='bbox 356 3149 453 3215; x_wconf 83' lang='lat' dir='ltr'>litore</span> <span class='ocrx_word' id='word_1_219' title='bbox 474 3162 595 3219; x_wconf 68' lang='lat' dir='ltr'>munta</span> <span class='ocrx_word' id='word_1_220' title='bbox 616 3151 870 3220; x_wconf 79' lang='lat' dir='ltr'>insolentiorem</span> <span class='ocrx_word' id='word_1_221' title='bbox 886 3161 919 3218; x_wconf 87' lang='lat' dir='ltr'>ct</span> <span class='ocrx_word' id='word_1_222' title='bbox 938 3175 999 3242; x_wconf 86' lang='lat' dir='ltr'>pro</span> <span class='ocrx_word' id='word_1_223' title='bbox 1020 3152 1137 3218; x_wconf 74' lang='lat' dir='ltr'>aetatis</span> <span class='ocrx_word' id='word_1_224' title='bbox 1157 3159 1288 3222; x_wconf 72' lang='lat' dir='ltr'>ratione</span> <span class='ocrx_word' id='word_1_225' title='bbox 1304 3179 1350 3218; x_wconf 87' lang='lat' dir='ltr'>sn·</span> <span class='ocrx_word' id='word_1_226' title='bbox 1402 3135 1403 3202; x_wconf 84' lang='grc'><strong>1</strong></span> 
     </span>
     <span class='ocr_line' id='line_1_28' title="bbox 259 3253 1349 3344; baseline 0.003 -26"><span class='ocrx_word' id='word_1_227' title='bbox 259 3262 403 3342; x_wconf 76' lang='lat' dir='ltr'>spectem</span> <span class='ocrx_word' id='word_1_228' title='bbox 432 3253 577 3320; x_wconf 85' lang='lat' dir='ltr'>nominis</span> <span class='ocrx_word' id='word_1_229' title='bbox 604 3257 741 3322; x_wconf 80' lang='lat' dir='ltr'>formum</span> <span class='ocrx_word' id='word_1_230' title='bbox 762 3277 901 3344; x_wconf 69' lang='lat' dir='ltr'>cumque</span> <span class='ocrx_word' id='word_1_231' title='bbox 927 3277 1041 3342; x_wconf 75' lang='lat' dir='ltr'>parum</span> <span class='ocrx_word' id='word_1_232' title='bbox 1062 3254 1222 3322; x_wconf 89' lang='lat' dir='ltr'>munitam</span> <span class='ocrx_word' id='word_1_233' title='bbox 1251 3279 1349 3324; x_wconf 77' lang='lat' dir='ltr'>reom-</span> 
     </span>
     <span class='ocr_line' id='line_1_29' title="bbox 257 3351 1403 3446; baseline -0.002 -24"><span class='ocrx_word' id='word_1_234' title='bbox 257 3363 334 3438; x_wconf 83' lang='lat' dir='ltr'>vet,</span> <span class='ocrx_word' id='word_1_235' title='bbox 366 3351 552 3421; x_wconf 73' lang='lat' dir='ltr'>etiamnunc</span> <span class='ocrx_word' id='word_1_236' title='bbox 574 3357 672 3424; x_wconf 86' lang='lat' dir='ltr'>nobis</span> <span class='ocrx_word' id='word_1_237' title='bbox 693 3381 760 3422; x_wconf 92' lang='lat' dir='ltr'>non</span> <span class='ocrx_word' id='word_1_238' title='bbox 782 3355 960 3446; x_wconf 80' lang='lat' dir='ltr'>displicere</span> <span class='ocrx_word' id='word_1_239' title='bbox 981 3355 1088 3422; x_wconf 82' lang='lat' dir='ltr'>libere</span> <span class='ocrx_word' id='word_1_240' title='bbox 1107 3357 1305 3446; x_wconf 80' lang='lat' dir='ltr'>profitemur.</span> <span class='ocrx_word' id='word_1_241' title='bbox 1402 3381 1403 3420; x_wconf 65' lang='grc' dir='ltr'><strong><em>λ</em></strong></span> 
     </span>
    </p>

    <p class='ocr_par' dir='ltr' id='par_1_3' title="bbox 256 3429 1403 3854">
     <span class='ocr_line' id='line_1_30' title="bbox 343 3454 1349 3543; baseline 0.004 -21"><span class='ocrx_word' id='word_1_242' title='bbox 343 3457 440 3543; x_wconf 68' lang='lat' dir='ltr'>Pag.</span> <span class='ocrx_word' id='word_1_243' title='bbox 466 3454 528 3524; x_wconf 80' lang='lat'>160</span> <span class='ocrx_word' id='word_1_244' title='bbox 557 3457 582 3522; x_wconf 91' lang='lat' dir='ltr'>l.</span> <span class='ocrx_word' id='word_1_245' title='bbox 606 3459 657 3525; x_wconf 84' lang='lat'>15.</span> <span class='ocrx_word' id='word_1_246' title='bbox 709 3458 807 3526; x_wconf 79' lang='lat' dir='ltr'>Addo</span> <span class='ocrx_word' id='word_1_247' title='bbox 828 3463 934 3532; x_wconf 78' lang='grc' dir='ltr'>Βαῑλις</span> <span class='ocrx_word' id='word_1_248' title='bbox 955 3455 1126 3524; x_wconf 83' lang='lat' dir='ltr'>Cretensis</span> <span class='ocrx_word' id='word_1_249' title='bbox 1147 3483 1268 3526; x_wconf 84' lang='lat' dir='ltr'>nomen</span> <span class='ocrx_word' id='word_1_250' title='bbox 1286 3459 1349 3526; x_wconf 84' lang='lat' dir='ltr'>Po·</span> 
     </span>
     <span class='ocr_line' id='line_1_31' title="bbox 257 3557 1350 3648; baseline 0.004 -24"><span class='ocrx_word' id='word_1_251' title='bbox 257 3557 328 3646; x_wconf 69' lang='lat' dir='ltr'>tyb.</span> <span class='ocrx_word' id='word_1_252' title='bbox 352 3559 457 3636; x_wconf 89' lang='lat' dir='ltr'>Vlll,</span> <span class='ocrx_word' id='word_1_253' title='bbox 481 3558 562 3626; x_wconf 86' lang='lat'>17·</span> <span class='ocrx_word' id='word_1_254' title='bbox 552 3584 578 3624; x_wconf 89' lang='grc' dir='ltr'>ι.</span> <span class='ocrx_word' id='word_1_255' title='bbox 603 3583 633 3626; x_wconf 86' lang='grc' dir='ltr'>ο.</span> <span class='ocrx_word' id='word_1_256' title='bbox 656 3564 813 3640; x_wconf 78' lang='grc' dir='ltr'><strong><em>Βουλλος,</em></strong></span> <span class='ocrx_word' id='word_1_257' title='bbox 855 3580 962 3648; x_wconf 83' lang='lat' dir='ltr'>noque</span> <span class='ocrx_word' id='word_1_258' title='bbox 987 3558 1086 3626; x_wconf 88' lang='lat' dir='ltr'>credo</span> <span class='ocrx_word' id='word_1_259' title='bbox 1113 3560 1156 3626; x_wconf 81' lang='lat' dir='ltr'>ab</span> <span class='ocrx_word' id='word_1_260' title='bbox 1186 3563 1350 3630; x_wconf 75' lang='lat' dir='ltr'>Herodoto</span> 
     </span>
     <span class='ocr_line' id='line_1_32' title="bbox 256 3658 1350 3752; baseline 0.006 -27"><span class='ocrx_word' id='word_1_261' title='bbox 256 3659 342 3737; x_wconf 87' lang='lat' dir='ltr'>vll,</span> <span class='ocrx_word' id='word_1_262' title='bbox 360 3661 475 3727; x_wconf 80' lang='lat'>134·</span> <span class='ocrx_word' id='word_1_263' title='bbox 445 3685 552 3728; x_wconf 82' lang='lat' dir='ltr'>varum</span> <span class='ocrx_word' id='word_1_264' title='bbox 570 3661 766 3752; x_wconf 70' lang='lat' dir='ltr'>Spartanum</span> <span class='ocrx_word' id='word_1_265' title='bbox 781 3664 874 3750; x_wconf 85' lang='lat' dir='ltr'>justa</span> <span class='ocrx_word' id='word_1_266' title='bbox 894 3658 1041 3728; x_wconf 87' lang='lat' dir='ltr'>nominis</span> <span class='ocrx_word' id='word_1_267' title='bbox 1061 3663 1168 3730; x_wconf 81' lang='lat' dir='ltr'>forma</span> <span class='ocrx_word' id='word_1_268' title='bbox 1190 3667 1350 3743; x_wconf 79' lang='lat' dir='ltr'>Laconica</span> 
     </span>
     <span class='ocr_line' id='line_1_33' title="bbox 256 3765 562 3854; baseline 0.007 -26"><span class='ocrx_word' id='word_1_269' title='bbox 256 3767 372 3828; x_wconf 77' lang='grc' dir='ltr'><strong><em>Βοῦλιν</em></strong></span> <span class='ocrx_word' id='word_1_270' title='bbox 391 3765 562 3854; x_wconf 75' lang='lat' dir='ltr'>appellari.</span> 
     </span>
    </p>

    <p class='ocr_par' dir='ltr' id='par_1_4' title="bbox 306 3863 1403 3963">
     <span class='ocr_line' id='line_1_34' title="bbox 306 3863 1403 3963; baseline 0.012 -35"><span class='ocrx_word' id='word_1_271' title='bbox 306 3910 308 3914; x_wconf 29' lang='grc' dir='ltr'><em>ψ</em></span> <span class='ocrx_word' id='word_1_272' title='bbox 341 3863 435 3953; x_wconf 70' lang='lat' dir='ltr'>Peg.</span> <span class='ocrx_word' id='word_1_273' title='bbox 461 3867 522 3934; x_wconf 90' lang='grc'>161</span> <span class='ocrx_word' id='word_1_274' title='bbox 550 3865 652 3936; x_wconf 82' lang='lat'><strong>1.13.</strong></span> <span class='ocrx_word' id='word_1_275' title='bbox 698 3865 750 3932; x_wconf 90' lang='lat' dir='ltr'>Dc</span> <span class='ocrx_word' id='word_1_276' title='bbox 771 3868 1033 3956; x_wconf 71' lang='grc' dir='ltr'><strong><em>αωραλλοκοοοῖ.</em></strong></span> <span class='ocrx_word' id='word_1_277' title='bbox 1056 3869 1171 3960; x_wconf 71' lang='lat' dir='ltr'>Bergk</span> <span class='ocrx_word' id='word_1_278' title='bbox 1192 3871 1236 3938; x_wconf 90' lang='lat' dir='ltr'>de</span> <span class='ocrx_word' id='word_1_279' title='bbox 1257 3873 1347 3963; x_wconf 81' lang='lat' dir='ltr'>reliq·</span> <span class='ocrx_word' id='word_1_280' title='bbox 1402 3889 1403 3906; x_wconf 66' lang='lat'>¹</span> 
     </span>
    </p>

    <p class='ocr_par' dir='ltr' id='par_1_5' title="bbox 256 3968 599 4056">
     <span class='ocr_line' id='line_1_35' title="bbox 256 3968 599 4056; baseline 0.009 -24"><span class='ocrx_word' id='word_1_281' title='bbox 256 3987 342 4032; x_wconf 82' lang='lat' dir='ltr'>com.</span> <span class='ocrx_word' id='word_1_282' title='bbox 364 3968 436 4030; x_wconf 80' lang='lat' dir='ltr'>Au.</span> <span class='ocrx_word' id='word_1_283' title='bbox 466 3991 500 4056; x_wconf 89' lang='lat' dir='ltr'>p.</span> <span class='ocrx_word' id='word_1_284' title='bbox 523 3968 599 4035; x_wconf 81' lang='grc'><strong>431.</strong></span> 
     </span>
    </p>

    <p class='ocr_par' dir='ltr' id='par_1_6' title="bbox 255 4067 1347 4267">
     <span class='ocr_line' id='line_1_36' title="bbox 339 4067 1347 4144; baseline 0.013 -12"><span class='ocrx_word' id='word_1_285' title='bbox 339 4067 447 4132; x_wconf 86' lang='lat' dir='ltr'>lbid</span> <span class='ocrx_word' id='word_1_286' title='bbox 471 4081 552 4136; x_wconf 92' lang='lat' dir='ltr'>not.</span> <span class='ocrx_word' id='word_1_287' title='bbox 577 4071 702 4138; x_wconf 77' lang='lat' dir='ltr'>Eodem</span> <span class='ocrx_word' id='word_1_288' title='bbox 723 4073 926 4141; x_wconf 86' lang='lat' dir='ltr'>traduntur&#39;</span> <span class='ocrx_word' id='word_1_289' title='bbox 915 4100 952 4144; x_wconf 89' lang='lat' dir='ltr'>m</span> <span class='ocrx_word' id='word_1_290' title='bbox 968 4074 1120 4142; x_wconf 82' lang='lat' dir='ltr'>Anecdd.</span> <span class='ocrx_word' id='word_1_291' title='bbox 1137 4074 1267 4144; x_wconf 81' lang='lat' dir='ltr'>Pariss.</span> <span class='ocrx_word' id='word_1_292' title='bbox 1290 4077 1347 4144; x_wconf 90' lang='lat' dir='ltr'>Ill</span> 
     </span>
     <span class='ocr_line' id='line_1_37' title="bbox 255 4167 901 4267; baseline 0.017 -33"><span class='ocrx_word' id='word_1_293' title='bbox 255 4191 289 4257; x_wconf 94' lang='lat' dir='ltr'>p.</span> <span class='ocrx_word' id='word_1_294' title='bbox 315 4167 399 4252; x_wconf 72' lang='lat'>3⁴4,</span> <span class='ocrx_word' id='word_1_295' title='bbox 429 4193 472 4237; x_wconf 89' lang='lat' dir='ltr'>ne</span> <span class='ocrx_word' id='word_1_296' title='bbox 494 4171 548 4237; x_wconf 81' lang='lat' dir='ltr'>lric</span> <span class='ocrx_word' id='word_1_297' title='bbox 570 4173 735 4264; x_wconf 80' lang='lat' dir='ltr'>quidem</span> <span class='ocrx_word' id='word_1_298' title='bbox 725 4187 901 4267; x_wconf 72' lang='lat' dir='ltr'>rutcgru.¹</span> 
     </span>
    </p>

    <p class='ocr_par' dir='ltr' id='par_1_7' title="bbox 339 4229 1403 4369">
     <span class='ocr_line' id='line_1_38' title="bbox 339 4229 1403 4369; baseline 0.009 -33"><span class='ocrx_word' id='word_1_299' title='bbox 339 4269 435 4364; x_wconf 67' lang='lat' dir='ltr'>Pop.</span> <span class='ocrx_word' id='word_1_300' title='bbox 461 4271 523 4338; x_wconf 78' lang='lat'>162</span> <span class='ocrx_word' id='word_1_301' title='bbox 553 4275 577 4340; x_wconf 90' lang='lat' dir='ltr'>l.</span> <span class='ocrx_word' id='word_1_302' title='bbox 603 4277 645 4343; x_wconf 81' lang='lat'>1⁰</span> <span class='ocrx_word' id='word_1_303' title='bbox 666 4301 780 4369; x_wconf 79' lang='lat' dir='ltr'>seqq.</span> <span class='ocrx_word' id='word_1_304' title='bbox 823 4255 927 4369; x_wconf 84' lang='lat' dir='ltr'>Apud</span> <span class='ocrx_word' id='word_1_305' title='bbox 948 4277 1184 4348; x_wconf 78' lang='lat' dir='ltr'>Callimachum</span> <span class='ocrx_word' id='word_1_306' title='bbox 1205 4279 1287 4350; x_wconf 80' lang='lat' dir='ltr'>tatia</span> <span class='ocrx_word' id='word_1_307' title='bbox 1306 4229 1403 4347; x_wconf 67' lang='lat' dir='ltr'>tel</span> 
     </span>
    </p>
   </div>
   <div class='ocr_carea' id='block_1_3' title="bbox 0 0 1426 4806">
    <p class='ocr_par' dir='ltr' id='par_1_8' title="bbox 0 0 1426 4806">
     <span class='ocr_line' id='line_1_39' title="bbox 0 0 1426 4806; baseline 0 2"><span class='ocrx_word' id='word_1_308' title='bbox 0 0 1426 4806; x_wconf 95' lang='lat' dir='ltr'> </span> 
     </span>
    </p>
   </div>
  </div>
 </body>
</html>
