2920 4812
433 438 463 526 ll.
499 439 558 518 19.
610 439 666 514 De
689 471 711 512 α
738 467 803 538 pro
829 473 859 528 η.
1127 439 1199 518 147

101 639 184 708 Nam
207 665 311 733 quum
327 617 530 730 Tironem,
553 645 612 736 qui
633 645 821 712 nominatur
842 667 873 712 v.
892 645 954 730 04,
978 648 1061 714 tluus
1084 650 1200 716 lustres

102 745 258 812 habuisse
290 757 435 830 constet,
466 747 677 838 Eurypylum·
693 759 726 813 et
746 747 1011 837 Thrasyllum,
1040 750 1123 816 nihil
1145 751 1201 817 ulr-

105 857 186 929 stat,
220 849 301 938 quin
331 869 406 914 eum
439 850 541 916 altsrn
573 873 702 916 romum
736 850 921 918 instituisse
952 862 1098 942 puteturs
1149 851 1202 919 De

104 949 226 1038 plurali
248 949 413 1040 participii
435 975 508 1017 eum
537 951 627 1017 ‹lnali
652 952 770 1039 juuetn
798 953 945 1036 videsis,
981 975 1064 1044 quae
1084 953 1202 1019 Thiar·
1312 959 1317 970 ’
1451 945 1452 952 ¹

107 1051 219 1117 sebius
242 1051 390 1120 Gramm.
412 1051 444 1136 ἕ.
469 1053 543 1131 307,
566 1055 588 1120 7
608 1068 684 1144 pust
708 1052 888 1120 Belrlrerum
912 1055 1099 1142 disputavit.

190 1153 400 1220 ἀπεσσούα
430 1155 465 1220 in
496 1155 706 1245 Hippocratis
738 1156 876 1246 epistula
911 1155 1073 1222 Lueuuieu
1113 1153 1199 1243 (vid.

104 1253 278 1345 Append.)
306 1279 405 1344 quum
428 1257 469 1322 ab
491 1255 567 1324 aliis
588 1269 655 1324 tum
684 1257 942 1324 sValelreuariu
963 1258 1003 1321 arl
1025 1255 1135 1324 Adon.
1166 1281 1200 1346 p.

105 1358 182 1442 264,
205 1359 260 1442 Α,
290 1381 387 1448 quem
410 1381 524 1424 omues
546 1357 651 1426 secuti
673 1371 766 1437 suut,
796 1381 856 1448 prn
879 1357 1038 1437 ἀπεσσύα,
1062 1359 1144 1426 Aur.
1168 1359 1202 1424 ll

105 1483 193 1548 pass.
226 1459 349 1526 dietum
377 1459 537 1543 habetur,
575 1459 675 1552 idque
707 1459 937 1526 Butevusille
970 1461 1202 1527 celeberrimus

104 1561 148 1626 ita
168 1559 331 1628 lis-matum
353 1585 370 1627 a
393 1583 429 1627 se
450 1560 601 1652 putabat,
636 1573 673 1628 ut
699 1561 920 1652 inposterum
943 1564 1114 1632 mutationi
1136 1585 1203 1628 non

7 1735 8 1748 p
105 1675 195 1731 esset
224 1663 414 1731 obnoxium.
459 1661 564 1730 Nobis
590 1675 698 1730 tamen
725 1663 782 1730 illa
811 1687 875 1730 vox
905 1665 1009 1731 tribus
1032 1667 1072 1732 de
1093 1665 1202 1732 nausis
1241 1697 1245 1703 ¹

107 1765 354 1858 suspectissimi
376 1775 447 1847 est,
468 1766 609 1855 priunum
632 1765 718 1856 quud
742 1765 998 1856 genuinaDoris
1019 1769 1054 1833 iu
1072 1766 1203 1834 aurietis

105 1867 233 1957 passivi
266 1896 284 1946 η
313 1891 379 1933 uon
408 1879 528 1952 mutat,
562 1867 679 1934 deinde
708 1869 796 1958 quud
818 1893 854 1934 ου
874 1888 935 1958 pro
956 1893 974 1932 v
996 1871 1138 1959 positum
1161 1869 1202 1934 sb
1244 1913 1256 1944 ‚

106 1971 208 2056 hujus
238 1968 395 2060 epistolae
424 1979 527 2034 aetate
557 1967 698 2036 alienum
730 1971 881 2054 videtur,
921 1985 1084 2061 postremo
1115 1969 1203 2061 quod

106 2072 251 2137 aoristus
273 2069 388 2148 ἐσσύην
410 2095 453 2137 ne
471 2071 618 2138 Graecus
640 2071 771 2162 quidem
792 2071 903 2136 lraberi
925 2083 1042 2160 potest.
1087 2073 1203 2163 Neque

108 2173 165 2240 illa
186 2171 281 2240 vneis
303 2173 406 2240 forms
427 2175 473 2240 ita
502 2173 659 2240 librorum
688 2173 879 2240 anctoritate
908 2175 1031 2238 munita
1059 2186 1128 2258 est,
1167 2185 1204 2239 nt

110 2273 271 2340 dubitatio
294 2274 400 2340 omnis
422 2273 567 2364 praecisa
590 2275 644 2340 sit.
688 2275 788 2366 Apud
800 2275 1052 2365 Xenophontem
1067 2275 1200 2340 Hellen.

109 2377 142 2456 l,
165 2377 205 2460 1,
227 2375 270 2444 23
298 2375 376 2442 lilrri
405 2374 575 2441 ἀπέσσοται
596 2377 772 2467 praebeut3
805 2379 890 2446 idem
915 2379 992 2444 olim
1016 2379 1099 2468 apud
1123 2378 1203 2444 Plu·

108 2479 257 2548 tteeium
278 2477 450 2568 legebatur
471 2477 582 2544 Aleilr.
607 2503 637 2546 e.
655 2479 717 2562 28,
740 2479 798 2545 ubi
821 2481 856 2545 in
878 2480 974 2546 libris
996 2479 1205 2569 reperiuntur

109 2581 219 2648 variae
239 2581 401 2648 lectiones
424 2577 585 2647 ἀπέσσοοα
607 2591 638 2648 et
661 2580 799 2647 ainr'nnnv
822 2581 983 2646 ἀποισάντι
1015 2579 1204 2664 (Sintenisii

110 2681 290 2750 sditionem
313 2681 475 2772 inspicere
497 2707 563 2749 nou
586 2682 707 2770 linuit).
762 2681 954 2750 Enstetlaius
982 2707 1015 2772 p.
1039 2683 1101 2766 63,
1126 2683 1143 2748 1
1173 2693 1205 2748 et

112 2785 214 2860 1792,
243 2783 264 2849 5
290 2807 331 2849 ex
358 2784 469 2850 eadem
498 2785 635 2873 epistula
663 2781 824 2850 ἀπεσσούα
853 2787 963 2870 affert,
998 2785 1038 2850 ad
1068 2789 1206 2850 σοῦσθαι

112 2885 215 2978 (quud
238 2884 402 2952 Laeuniee
425 2895 475 2952 est
498 2891 638 2966 σαῖσθαι)
666 2886 699 2951 il
726 2887 889 2976 pertinere
917 2911 981 2954 uon
1011 2897 1098 2953 reete
1120 2886 1204 2953 arbi·

111 3000 214 3054 tratus
245 2997 278 3054 et
306 3011 366 3076 per
395 2982 601 3070 ἀσύρμησοο,
636 2987 773 3066 ἀπῆλθε,
805 2991 935 3068 τέθνηκε
963 2991 1202 3078 interpretatus.

111 3091 284 3158 Postremo
316 3091 380 3154 lrue
411 3099 578 3155 traxerunt
603 3089 761 3179 Hesychii
792 3091 934 3180 glossam
970 3090 1081 3154 ἀπεοία
1113 3087 1203 3175 (end.

112 3205 195 3260 teste
228 3189 385 3258 Sthenio
416 3189 592 3274 ἀπεσσύα),
635 3191 738 3267 ἄνεσις
769 3197 822 3256 κοῒ
855 3193 993 3276 ἀπέδρα,
1034 3190 1203 3276 ἀπηλλάγη,

113 3295 298 3376 ἠφανίσθη,
323 3291 379 3358 nbi
402 3317 500 3384 quum
524 3293 650 3358 diversa
673 3295 830 3383 permixta
849 3317 921 3360 esse
941 3303 1126 3384 appareret,
1151 3315 1204 3357 ex·

112 3395 307 3486 plicatinues
337 3395 456 3479 ἀπύύρα
484 3419 576 3486 seqq.
609 3396 649 3460 ael
679 3394 839 3460 ἀπεσσούα
867 3407 1012 3483 spectare
1039 3405 1203 3486 putarunt.

113 3497 183 3564 Nus
203 3499 257 3564 ite
271 3496 485 3580 assentimus,
508 3509 544 3562 ut
565 3521 607 3562 en
625 3497 794 3588 llesyelriu
817 3497 991 3586 genuinum
1014 3519 1125 3562 vocem
1146 3519 1206 3586 pru

113 3601 247 3667 barbara
270 3599 327 3664 illa
350 3596 509 3664 ἀπεσσούα
530 3598 724 3664 eliciendam
755 3621 827 3664 esse
857 3600 1023 3664 (lucrinus.
1080 3597 1206 3686 Hippu-

113 3713 220 3768 erates
242 3699 330 3767 enim
353 3699 533 3766 ἀπύσστα
555 3700 728 3790 scripsisse
749 3701 878 3766 videtur
898 3701 921 3764 i.
934 3723 964 3764 e.
985 3699 1119 3776 ἀπέστη,
1143 3722 1207 3786 qua

114 3805 150 3870 iu
173 3805 276 3870 lurma
301 3827 319 3868 σ
343 3827 432 3868 more
453 3803 672 3894 Dorienq'lrus
694 3803 900 3894 potissimum
924 3802 1034 3890 paullo
1057 3799 1211 3892 incultius,

113 3905 206 3973 ritus
228 3905 382 3971 familiari
405 3906 603 3994 geminatum
625 3915 675 3971 est
695 3905 762 3970 vid.
784 3905 815 3988 ξ.
842 3904 893 3969 13.
944 3901 992 3996 llt
1015 3903 1098 3966 illud
1121 3901 1206 3990 apud

114 4009 319 4096 flesyelrinm
342 4031 400 4096 per
423 4005 542 4090 ἀπέδρα
564 4019 626 4072 ete.
656 4007 855 4096 explicatur,
887 4005 929 4069 ita
959 4001 1113 4077 ἀποστάς,
1148 4027 1207 4082 φο·

113 4109 196 4193 yuiv·
231 4113 389 4193 Αἴοχυλος
417 4111 449 4172 ’ἐν
474 4109 692 4192 Ἰσθμιασταῑς
721 4113 774 4172 καὶ
801 4105 972 4191 Ἀλκμήνῃ.
1028 4103 1209 4168 obscurior

114 4213 218 4277 lnrms
241 4221 273 4276 et
293 4211 329 4274 in
353 4209 523 4276 ἀπεόσυται
542 4221 575 4276 st
595 4209 630 4278 in
654 4208 815 4276 ἀπεσσούα
836 4217 983 4294 corrupta
1006 4215 1065 4269 est.

179 4312 215 4392 lr)
260 4311 382 4401 Siqua
409 4313 506 4378 verita
537 4313 571 4378 in
596 4337 636 4377 au
656 4311 805 4379 exeuntia
828 4307 985 4376 Doricum
1009 4333 1028 4368 α
1049 4327 1109 4394 pro
1129 4331 1148 4381 η
1172 4304 1207 4368 in

953 4435 1012 4500 10·
