2890 4812
419 351 450 444 §.
476 355 538 430 40.
591 356 647 428 De
670 353 784 430 verbo
809 355 884 448 εἰμι’.
1122 356 1199 432 325

93 554 130 636 ξ.
157 553 224 636 26,
244 553 286 636 2,
319 575 428 644 nequo
456 553 548 620 ἐσσία
575 579 652 622 vere
673 555 796 624 Doriea
816 581 889 624 esse
910 571 1068 648 possunt,
1100 561 1159 627 sed
1179 587 1199 628 a

93 655 277 745 participio
306 654 427 730 ἔνι-σς
456 651 531 722 Itali
559 657 798 724 substantivum
829 661 910 724 ἔνιιά
932 661 1078 728 derivare
1099 662 1196 730 dehe-

90 757 194 822 bont
249 755 396 846 Utraque
425 771 534 824 tamen
562 783 626 826 von
655 761 882 852 philosophica
910 785 1007 852 segre
1037 765 1078 828 ad
1098 765 1195 831 aliam

92 859 276 924 dialectum
298 869 469 928 resonatur
483 871 706 950 praeterquam
724 861 764 928 ad
780 863 916 929 ltelieo·
923 863 1090 944 Doricam,
1114 891 1198 956 quae

93 959 183 1024 αἰσία
162 981 246 1026 ueo
266 961 376 1027 miuus
399 961 521 1048 lingere
542 974 685 1080 poterut,
718 964 805 1053 quod
826 966 992 1056 participii
1013 967 1165 1033 lorma”
1139 994 1195 1046 ων,

91 1063 120 1127 f.
149 1052 235 1126 οὖσα
266 1059 368 1127 vel
342 1087 411 1126 αισα
432 1063 473 1128 ab
494 1063 679 1154 antiquiore
701 1063 828 1132 Doride
849 1067 956 1134 aliena
976 1079 1037 1133 est.
1082 1069 1196 1159 ltaque

89 1161 301 1252 putaverim,
334 1165 559 1255 Pythagoreos
580 1189 693 1234 vocem
716 1166 784 1232 orior
781 1169 828 1245 ’,α
862 1191 959 1258 quom
980 1169 1105 1234 lonieis
1125 1169 1197 1260 plri-

89 1265 251 1355 losoplis
283 1279 449 1356 acceptam
471 1267 655 1350 debebant,
689 1268 797 1334 minus
831 1279 918 1336 reete
940 1268 1063 1336 Doriea
1087 1273 1197 1362 speeie

90 1369 223 1436 donare
255 1369 422 1434 studuisse
451 1381 508 1435 aot
528 1371 653 1436 leviore
674 1371 853 1438 mutatione
876 1370 957 1435 niolo
978 1373 1196 1462 proferentes,

87 1482 152 1536 aut
164 1517 177 1554 ,
200 1469 447 1560 participiorum
470 1466 551 1541 οὖσα
571 1484 604 1538 et
625 1472 705 1538 ἔσσα
726 1473 878 1560 analogia
896 1473 1107 1568 deeept0s‚'
1091 1477 1195 1539 reolo.

185 1623 300 1690 Altera
322 1623 475 1690 feminini
497 1626 601 1691 lorma
619 1624 773 1690 Pseudo·
761 1625 998 1716 -Pytlragoreis
1017 1625 1196 1813 geuliarils

87 1739 143 1794 est
168 1727 289 1803 ε’ἅσα,
324 1751 407 1816 quae
429 1728 551 1815 legitur
572 1725 660 1792 Tim.
683 1727 782 1792 Loer.
813 1751 848 1818 p.
871 1728 926 1794 96.
949 1727 994 1792 Α.

87 1827 376 1912 σ’ἇσσα,ι’σῦσα),
408 1828 462 1895 97.
488 1829 587 1912 C(v.
611 1829 680 1894 l.
660 1853 739 1894 εσσα
740 1833 790 1906 ν,)
820 1829 874 1896 98.
897 1829 973 1908 Α(
961 1835 1006 1908 (ιι
1030 1829 1097 1894 1.’
1080 1831 1194 1908 ιᾶ,σσα

85 1930 208 2008 ἰοῦσα)
236 1929 440 1995 restituendo
469 1943 519 1996 est
547 1928 872 2012 Stob.ttl.1,6t,
908 1929 965 1996 ubi
987 1930 1195 1998 Gaisl'ordius

87 2057 106 2098 e
132 2030 366 2116 conjectura'
350 2033 440 2096 ισῖσα
462 2032 570 2116 dedit,
594 2055 694 2121 quum
716 2033 855 2120 vulgo’
839 2036 955 2110 ιοῦσα,
977 2031 1012 2096 in
1033 2031 1122 2097 A.”
1101 2057 1193 2111 enon,

90 2135 128 2200 in
169 2133 287 2198 Trino.
322 2135 415 2198 ἐᾶσαι
444 2133 592 2221 logotnr3
625 2133 796 2217 XLVIII,
825 2133 867 2202 63
898 2159 932 2224 p.
956 2133 1038 2217 331,
1062 2135 1105 2218 3,
1137 2133 1196 2199 ulri

89 2235 208 2301 Gaisl.
233 2235 446 2328 provulgata
469 2239 548 2301 t’oion
571 2261 589 2302 e
611 2235 639 2302 B
664 2237 783 2320 ἐοῦσα,
804 2235 974 2312 XLVIII,
997 2235 1040 2302 fil
1060 2259 1094 2326 p.
1118 2235 1194 2320 333,
1315 2284 1319 2294 ·

90 2339 134 2405 17
162 2347 196 2401 et
217 2336 259 2402 65
281 2335 377 2418 ioit.,
407 2339 466 2402 nbi
490 2339 596 2405 Gaisl.
621 2339 727 2412 ἐσΙσας
750 2363 768 2403 e
789 2338 878 2424 conj.
901 2361 961 2428 pro
985 2335 1074 2426 vulg.
1098 2335 1196 2413 ἐάσας

88 2452 123 2504 et
148 2437 256 2512 ἐώσας
278 2437 313 2502 in
334 2440 408 2504 eod.
431 2439 481 2526 Β,
504 2439 604 2522 Clll,
626 2441 668 2507 27
690 2464 724 2528 p.
743 2439 817 2524 557,
840 2439 902 2521 23,
924 2439 982 2504 nbi
1004 2437 1109 2504 Goisl.
1132 2461 1194 2530 pro

86 2543 188 2630 vulg.
214 2540 308 2605 ἐάσαι
337 2553 368 2606 et
398 2541 509 2617 ιἐύσας
530 2543 565 2607 in
588 2543 662 2607 eod.
684 2541 726 2606 B.
749 2565 768 2605 e
789 2541 877 2628 conj.
902 2541 1009 2616 ἰοίσας
1038 2539 1118 2629 (leg.
1143 2539 1194 2606 ἰά-

88 2649 190 2728 σας),
223 2643 379 2732 Appeod.
412 2665 445 2731 p.
470 2643 513 2710 46
541 2643 598 2710 ubi
620 2643 726 2711 Guisl.
758 2639 910 2708 i'uouuin
932 2643 1039 2708 e’oioou
1060 2641 1196 2707 mutavit

86 2785 132 2800 -
156 2757 326 2836 postremo
349 2743 446 2820 ἐάσας
469 2757 518 2811 est
540 2745 626 2836 apud
642 2745 814 2821 Orelluor,
839 2743 919 2810 ἕασα
940 2743 1026 2833 apud
1047 2743 1194 2810 Aristae-

87 2873 191 2916 onem
216 2845 309 2916 Stob.
333 2845 408 2912 Bel.
432 2871 465 2936 p.
489 2847 571 2930 428,
603 2847 704 2912 ἔασσα
727 2843 838 2932 (Cant.
861 2845 978 2923 ι’ἅσσα)
1001 2845 1087 2936 apud
1109 2845 1193 2910 Are·

90 2975 163 3017 sam
177 2947 261 3013 ibid.
273 2974 305 3038 p.
320 2949 394 3016 856.
427 2949 536 3014 Vides
553 2949 704 3016 feminini
726 2950 806 3012 ι’ἅσα
828 2971 924 3014 osum
947 2947 1034 3037 apud
1048 2945 1193 3014 Pseudo·

87 3053 324 3140 Pythagoreos
347 3051 426 3118 setis
450 3059 574 3116 eertum
597 3075 681 3117 esse.
715 3049 831 3140 Neque
853 3061 903 3116 est
923 3073 981 3114 our
995 3061 1077 3114 'enm
1099 3072 1117 3113 e
1139 3073 1195 3137 ge-

90 3153 417 3240 nuinaltnlioturum
434 3153 559 3220 Doride
581 3153 807 3244 depromptum
830 3175 1001 3240 negemus.
1029 3149 1195 3216 Videntur

90 3257 181 3322 enim
206 3254 259 3320 illi
280 3255 432 3320 leminini
453 3256 587 3322 formam
615 3249 699 3334 ἤια,
733 3279 828 3344 quam
860 3279 879 3319 a
908 3253 1009 3342 stirpe
1039 3277 1090 3316 ενι
1118 3252 1194 3316 reli-

90 3381 236 3450 quorum
260 3357 505 3446 participiorum
527 3355 678 3445 anrlogia
693 3355 892 3445 postulabat,
913 3353 981 3422 vid.
1002 3353 1035 3436 ξ
1047 3353 1102 3437 29,
1113 3355 1146 3418 2.
1162 3376 1193 3434 c,

89 3472 128 3526 ut
149 3459 265 3526 minus
287 3483 419 3526 suavem
441 3457 566 3548 duplici
588 3459 714 3524 ratione
735 3458 895 3542 evitasse,
928 3467 985 3520 ant
1005 3481 1074 3523 eam
1096 3455 1194 3520 ratio·

90 3585 169 3627 nem
192 3560 382 3650 sequendo,
415 3585 498 3650 quae
521 3571 573 3625 est
594 3561 628 3626 io
649 3559 820 3646 adjectivis
843 3559 998 3644 χαρίεσσα
1019 3567 1104 3632 ete.,
1136 3567 1192 3620 sot

92 3663 244 3730 vocalem
266 3661 457 3742 inferendo,
487 3674 524 3726 ut
554 3661 645 3726 litio
669 3662 761 3727 tertio
782 3661 902 3749 plurali
925 3659 996 3724 ἔασι
1016 3657 1102 3748 apud
1126 3657 1193 3744 epi·

93 3789 164 3832 eos.
210 3761 314 3829 Nullo
335 3764 433 3830 modo
453 3763 555 3828 ἕασσα
577 3763 726 3830 excusari
747 3773 878 3852 posset3
902 3763 963 3826 lroe
984 3759 1121 3824 dubium
1144 3781 1193 3824 re-

92 3866 303 3956 linquimus,
329 3875 437 3930 utrum
460 3868 540 3929 ἐοῖσα
560 3889 602 3930 an
623 3863 703 3930 ἕασα
724 3863 967 3954 pronuntIutum
990 3859 1043 3928 sit.

251 3993 547 4060 Praeteritum.

185 4121 304 4208 Siog.
329 4121 360 4184 1.
406 4113 452 4197 riu
473 4119 593 4209 Epiolr.
619 4119 692 4186 121.

323 4224 356 4292 2.
402 4215 490 4300 ἦσθα
513 4219 656 4334 Tleper.
680 4220 725 4304 V,
748 4221 801 4288 79.
834 4219 887 4303 Χ,
908 4220 962 4286 23.
