2878 4814
284 425 317 519 §-
334 428 395 506 dd.
430 431 489 502 De
506 427 691 504 adverbiis
713 427 785 503 loci
804 441 839 502 et
856 428 1045 526 temporis.
1137 429 1214 506 367
1299 501 1310 516 ,

113 631 305 717 ἔμπροσθεν,
338 631 471 717 desudo,
505 633 652 720 ὕπερθα,
686 633 826 710 ducatio,
862 655 1002 722 qnorum
1028 655 1106 722 pars
1126 631 1214 698 inter

112 733 271 800 Doricam
302 744 337 799 et
355 735 551 801 Lesbiacam
580 735 756 802 dialectum
783 735 935 825 ambigua
965 745 1028 802 est.
1081 735 1215 802 Deinde

112 837 273 925 leguntur
292 837 328 902 ia
351 837 441 904 tabb.
465 837 598 904 llerael.
622 837 672 921 Β,
696 838 749 904 17.
786 838 823 920 Ι,
846 839 888 906 39
917 837 1028 904 duodo
1056 839 1090 902 e't
1118 835 1155 916 I,
1178 839 1212 906 9.

113 941 158 1004 52
179 938 359 1024 innodata.
405 939 531 1006 Eodem
553 939 720 1028 pertinent
741 939 902 1030 Hesycbli
923 941 1054 1031 glossae
1071 937 1214 1006 Laconi·

112 1064 194 1106 caea
229 1042 393 1126 ἐξέσας,
417 1040 553 1118 ἔξωθεν·
576 1042 751 1124 Λάκωνες,
783 1041 842 1106 ubi
864 1063 939 1106 cum
961 1041 1213 1109 llemsterbusio

112 1143 208 1218 ἶξεσα
240 1141 265 1208 i.
289 1165 319 1208 e.
354 1141 450 1219 ἕξεθα
480 1142 712 1231 corrigendum
742 1166 815 1211 csse
845 1144 925 1210 satia
957 1143 1082 1211 evincit
1111 1145 1214 1212 altera

113 1243 229 1334 glossa
250 1267 353 1334 aeque
374 1243 567 1312 Laconibus
588 1246 786 1312 vindicanda
806 1244 971 1326 ἔπεσα,
995 1245 1116 1312 ἔσωθεν
1136 1247 1162 1313 i.
1179 1271 1211 1313 e.

113 1345 247 1424 ἕπεθα,
277 1345 420 1424 ἔπαθεν,
450 1345 609 1412 ἔντοσθεν.
655 1347 764 1414 Simul
784 1345 908 1414 vocalis
929 1349 1140 1418 mutationem
1161 1348 1213 1414 in·

111 1471 189 1514 esse
210 1447 316 1514 vides.
370 1447 498 1516 Similis
521 1449 632 1539 glossa
660 1447 830 1526 ἔξουθα,
868 1447 957 1526 ἐκτός
984 1449 1008 1515 i.
1033 1473 1064 1517 e.
1095 1447 1214 1528 ἔξωθεν

110 1559 249 1640 propter
280 1576 304 1614 ω
336 1548 372 1616 in
404 1575 441 1618 ov
469 1562 627 1625 mutatum
656 1549 851 1618 Thessalica
878 1551 993 1618 baberi
1021 1553 1140 1642 possit.
1169 1593 1213 1606 -

112 1651 240 1717 Contra
263 1650 391 1716 ἄπωθεν
411 1663 499 1717 certa
519 1652 747 1720 emendatione
767 1665 878 1722 nostra
898 1653 1098 1744 Epicharmo
1117 1656 1214 1724 resti·

112 1765 221 1822 tutum
243 1765 293 1819 est
313 1753 357 1818 ir.
383 1753 462 1839 153,
497 1777 607 1846 neque
637 1779 693 1822 eas
714 1757 855 1836 formas,
889 1777 974 1845 quae
995 1767 1071 1846 post
1090 1785 1109 1822 a
1129 1759 1213 1826 asci-

111 1867 184 1922 tum
207 1879 228 1919 a
248 1857 284 1922 in
308 1866 493 1940 ematurat,
525 1881 545 1923 a
567 1857 694 1924 Doride
721 1857 881 1924 alieniora
909 1858 1017 1924 fuisse
1046 1859 1213 1928 existima·
1239 1869 1245 1878 “

113 1981 188 2024 mua
210 1979 307 2048 qnam
328 1981 348 2022 a
369 1957 533 2024 Lesbiam
555 1959 696 2026 dialecto
718 1960 763 2025 el.
786 1959 863 2025 lul
884 1959 916 2042 ἓ.
934 1959 989 2044 29,
1011 1961 1045 2028 2.
1074 2001 1119 2016 ·-
1148 1961 1213 2030 Ge·

113 2073 222 2128 terum
244 2059 285 2124 ab
306 2061 370 2126 boc
391 2059 619 2128 adverbiorum
642 2083 763 2148 genere
791 2085 828 2126 ea
851 2059 1096 2147 diversum,
1129 2087 1214 2153 quae

114 2185 191 2230 cum
214 2159 458 2250 significatione
478 2162 545 2230 loci
565 2161 675 2228 unde
692 2185 752 2254 per
771 2161 1030 2230 terminationem
1042 2173 1100 2230 θεν
1114 2166 1214 2234 etiam

115 2263 204 2354 apud
224 2262 366 2330 Lesbios
389 2275 422 2332 et
441 2265 551 2332 Dores
572 2289 591 2330 a
613 2265 805 2332 nominibus
827 2276 860 2332 et
880 2263 1131 2356 pronominibus
1153 2268 1213 2334 du·

115 2377 255 2448 cuntm,
277 2363 402 2432 ibidem
425 2377 458 2434 et
479 2367 565 2432 inl'ra
587 2390 639 2432 nr.
663 2367 706 2434 10
725 2367 871 2434 docetur.
915 2367 987 2452 Ea,
1010 2391 1094 2459 quae
1114 2368 1214 2436 modo

114 2467 454 2551 commemoravimus,
476 2491 494 2534 a
516 2469 817 2559 praepositionibus
836 2467 1054 2548 descendunt,
1077 2481 1116 2538 nt
1128 2495 1214 2562 quae

113 2569 151 2636 in
166 2569 282 2656 lingna
297 2569 464 2636 Senserita
478 2569 778 2660 praepositionibus
793 2572 942 2638 suffixum
965 2584 1047 2638 stet
1067 2573 1212 2640 addunt:

115 2681 308 2756 evastat,
332 2671 465 2738 innodas
486 2673 527 2737 ab
549 2695 682 2738 ava-
704 2671 991 2761 upariscbtat,
1013 2675 1150 2757 ὕπερθεν
1171 2677 1213 2742 ab

114 2773 249 2864 upari.
302 2769 378 2840 Jana
405 2773 567 2862 intelligia
595 2773 682 2839 inter
703 2775 846 2840 Graecas
876 2775 984 2842 sullixi
1013 2777 1136 2844 formas
1157 2803 1213 2844 an·

113 2876 292 2966 tiqoiorem
322 2897 397 2942 esse
427 2885 494 2941 σθα
521 2877 578 2944 vel
608 2885 703 2952 aoso,
744 2877 959 2944 recentiorem
988 2887 1036 2943 θα
1058 2879 1114 2948 vel
1141 2889 1211 2960 θεν,

113 3002 219 3069 eaque
243 2979 357 3044 sullixa
378 2977 480 3044 variis
502 2977 672 3046 vocalibus
693 3001 769 3045 eum
788 2979 1093 3070 praepositionibus
1110 2979 1214 3073 jungi

114 3079 235 3148 solere.

199 3235 235 3316 7)
278 3233 407 3304 Locum
439 3233 482 3300 in
514 3257 632 3325 quem
661 3245 744 3302 teste
772 3233 949 3304 Ammonio
981 3231 1064 3324 (vid.
1099 3239 1212 3306 not-1

114 3339 216 3420 extr.)
239 3337 427 3426 significant
446 3341 539 3416 πῦς,
564 3337 661 3426 cujus
682 3339 870 3430 exemplum
891 3363 909 3406 e
930 3337 1102 3430 Sophrone
1123 3339 1215 3406 addit

114 3441 159 3506 ir.
184 3439 247 3523 91,
280 3451 313 3506 et
340 3442 420 3508 ποῖ.
476 3439 588 3527 Hujus
616 3439 652 3504 in
681 3441 790 3507 locum
809 3443 856 3522 πᾷ
876 3443 1114 3508 restituendum
1138 3465 1213 3510 esse

114 3565 194 3609 mox
215 3541 427 3628 docebimus3
455 3542 495 3608 de
516 3541 617 3608 altera
638 3539 865 3608 adverbiorum
886 3543 991 3610 forma
1011 3541 1135 3610 Dorica
1157 3569 1213 3612 ne·

114 3667 170 3708 mo
192 3653 358 3732 praeterea
386 3641 541 3733 antiquus
570 3641 749 3734 quidapram
774 3643 892 3723 tradit,
926 3643 985 3710 sed
1012 3648 1085 3721 ποῖς
1113 3647 1213 3712 corri-

118 3743 265 3834 gendum
294 3769 369 3812 esse
399 3755 432 3812 ct
458 3745 594 3812 omnino
624 3744 784 3812 Doridem
813 3744 1039 3812 terminatione
1073 3771 1121 3822 οις
1152 3771 1212 3838 pro

116 3845 249 3936 vulgari
277 3872 309 3912 os
339 3869 431 3914 usam
460 3869 534 3912 esse
556 3845 781 3935 liquidissime
803 3845 921 3914 docent
946 3847 1036 3914 tituli
1055 3845 1212 3939 Delpbiei

116 3971 170 4014 nr.
196 3946 528 4017 1699.1703.1705.
554 3947 661 4034 1706,
701 3949 760 4016 ubi
787 3949 892 4016 forma
920 3947 1136 4036 ἀποτρέχουσα
1164 3953 1213 4028 οἷς

115 4223 256 4298 nodosa
277 4221 376 4281 dicunt
394 4225 439 4280 sal
452 4221 485 4281 ab
501 4226 578 4280 tneo
594 4227 699 4297 transs,
725 4241 842 4296 quamn
860 4228 916 4282 boc
934 4226 1025 4281 miuus
1042 4235 1120 4282 recte
1137 4225 1212 4284 iuter

114 4311 223 4370 Dorica
240 4311 373 4371 retertur.
