2878 4814
268 391 345 472 372
436 389 468 484 §.
488 392 548 470 ll.
576 394 633 466 De
655 391 838 468 adverbiis
861 393 934 468 loci
952 407 988 467 et
1007 393 1196 490 temporis.

270 602 364 693 puris
383 599 559 688 leguntur,
582 597 843 688 praetermissis,
866 597 1014 664 voculam
1038 597 1104 684 ᾇχι
1124 599 1295 684 addimus,
1323 600 1364 666 de

270 728 334 795 qua
356 699 516 768 dubitatio
545 711 595 766 est
622 701 734 788 paullo
755 699 896 787 gravior.
941 699 1126 790 Dionysius
1148 703 1235 768 euim
1259 727 1364 792 gram·

269 804 428 886 malicus,
462 799 520 892 qui
541 826 561 866 e
581 799 706 868 Dorico
735 799 787 886 ἆχι
809 802 939 892 colligit
959 801 1013 888 ἧχι
1034 803 1106 868 siue
1128 801 1194 870 iota
1217 805 1364 869 scriben-

270 908 348 974 dum
377 929 450 972 esse
473 909 535 986 ¹⁰),
568 899 652 966 illud
682 927 814 994 quoquc
843 905 908 969 iota
931 927 1046 970 careus
1069 905 1214 990 invenit,
1252 919 1365 972 coutra

151 1093 154 1102 Ι
271 1007 473 1100 Apollonius
492 1005 535 1070 de
557 1005 631 1068 adv.
654 1003 736 1088 624,
759 1007 820 1088 24,
845 1007 903 1098 qui
927 1005 980 1095 ᾗχι
1002 1007 1117 1072 scribit
1131 1010 1282 1087 ¹⁰),uou
1304 1009 1364 1076 mi·

271 1135 336 1176 nus
368 1107 421 1194 ᾇχι
442 1105 645 1198 praetulerit.
699 1105 789 1172 ldem
812 1105 865 1194 ᾗχι
888 1107 983 1174 docet
1001 1106 1057 1185 salv
1079 1111 1123 1183 εἰς
1141 1108 1238 1174 τόπον
1260 1113 1365 1196 σχέσιν

269 1212 476 1302 siguificare,
506 1231 571 1297 quo
589 1209 684 1294 jure,
707 1231 773 1274 uou
796 1207 1036 1298 intelligimus.
1060 1234 1163 1298 quum
1185 1210 1272 1299 apud
1293 1209 1362 1276 llo·

267 1339 392 1382 merum
423 1313 453 1378 ei
481 1311 615 1376 voculae
644 1309 848 1399 apertissime
879 1311 944 1376 loci
975 1311 1015 1375 iu
1051 1336 1132 1400 quo
1164 1311 1362 1398 significatio
1425 1377 1426 1382 ,

267 1416 358 1482 iusit.
404 1413 473 1480 Nec
501 1412 597 1478 facilc
624 1411 667 1476 ad
696 1411 786 1476 illam
819 1411 902 1476 trebi
934 1425 1074 1502 possunt
1094 1413 1209 1480 Dorici
1233 1413 1286 1501 ἇχι
1307 1441 1363 1482 ex·
1424 1395 1426 1414 ⁴

268 1519 393 1608 empla,
419 1539 501 1608 quae
522 1537 541 1578 e
564 1519 660 1603 po‘eta
682 1535 864 1602 anonymo,
888 1515 1026 1580 tortasse
1043 1514 1264 1600 Callimacho,
1287 1519 1362 1582 alle·

267 1631 385 1686 ruutur
395 1623 447 1698 ¹⁰).
493 1617 607 1706 ltaque
628 1639 668 1680 co
689 1615 886 1680 inclinamus
907 1629 945 1680 ut
956 1615 1174 1705 Apollonium
1193 1641 1258 1682 nou
1274 1629 1363 1684 recte
1426 1693 1427 1708 χ

265 1721 322 1814 ᾗχι
341 1745 401 1812 per
421 1741 607 1810 paragogen
629 1715 718 1803 abyl
750 1717 867 1784 dueerc
891 1717 1104 1802 judicemus,
1141 1719 1264 1785 rectius
1284 1720 1363 1784 Ari·
1426 1713 1427 1742 ³

269 1826 432 1893 starclrum
458 1832 491 1885 et
512 1819 712 1908 Dionysium
741 1817 806 1882 iota
837 1817 1025 1906 aspernari,
1057 1821 1116 1910 qui
1146 1821 1233 1885 baud
1263 1821 1363 1886 dubie

267 1937 457 2020 potestatem
487 1921 659 1988 locativam
688 1920 722 1984 iu
755 1918 984 1985 terminatione
1005 1947 1039 2006 χι
1060 1923 1171 1988 iucsse
1193 1935 1360 2013 putarunt.

268 2031 317 2096 Ea
343 2051 422 2094 sero
450 2025 568 2090 vocula
596 2021 651 2107 ἦχι
678 2023 731 2088 vel
761 2020 814 2108 ἆχι
842 2045 908 2086 uoo
939 2023 1047 2088 miuus
1077 2023 1223 2091 solitaria
1244 2040 1277 2092 et
1297 2025 1362 2092 ori·

266 2131 355 2222 ginis
377 2129 535 2195 obscurae
559 2135 609 2189 est
629 2147 726 2212 quam
749 2130 809 2186 ἵνα.

329 2232 382 2298 101
414 2228 551 2294 Rectius
572 2227 614 2292 ad
635 2225 788 2292 adverbia
809 2225 844 2290 io
868 2251 888 2306 ᾳ
910 2225 1007 2292 modo
1028 2241 1274 2294 commemorata
1297 2229 1361 2296 alia

267 2333 425 2426 quaedam
453 2328 626 2408 retuleris,
659 2351 742 2418 quac
770 2351 829 2417 pro
860 2328 1051 2417 vulgaribus
1074 2325 1107 2393 iu
1131 2357 1151 2393 α
1172 2344 1359 2422 correptum

267 2433 462 2502 exeuntibus
491 2453 564 2496 esse
591 2429 744 2495 videntur
770 2429 839 2496 vid.
864 2431 896 2512 §-
920 2429 960 2512 3,
984 2432 1036 2496 ll.
1091 2429 1238 2498 Primum
1262 2434 1358 2499 Dori·
1428 2497 1429 2502 ,

266 2563 341 2606 cum
364 2538 445 2618 ἁμᾶ,
465 2532 554 2624 quod
575 2555 635 2620 pro
658 2531 722 2610 ἅμα
744 2530 797 2596 vel
820 2532 898 2611 ὁμοῦ
912 2554 987 2597 esse
1003 2541 1154 2620 potator,
1177 2537 1359 2602 accuratius

266 2641 307 2706 alt
324 2637 513 2704 llerodiauo
534 2657 595 2723 pro
618 2634 682 2712 ἆμῆ
703 2653 775 2698 esse
797 2631 938 2715 dicitur,
961 2657 1045 2722 quae
1065 2635 1168 2700 forma
1191 2661 1279 2702 uunc
1293 2661 1358 2704 uou

266 2743 390 2830 legitur
411 2738 477 2804 uisi
501 2761 573 2801 cum
596 2745 756 2829 potestate
778 2733 947 2800 indeliuita
979 2735 1013 2800 iu
1044 2737 1109 2816 ἇμῆ
1136 2761 1169 2820 γε
1197 2743 1244 2816 πῆ
1271 2745 1356 2816 (eau-

265 2844 340 2910 dcm
370 2841 457 2906 euim
487 2839 621 2926 stirpem
643 2836 810 2925 duplicem
833 2834 1105 2924 significationem
1128 2839 1354 2930 assumpsisse,

265 2954 354 3010 recte
376 2943 596 3008 Buttmaunus
618 2937 784 3003 intellexit
806 2935 951 3002 Gramm.
975 2937 1155 3027 11p.361)
1178 2951 1212 3005 ct
1232 2943 1274 3006 ab
1295 2943 1354 3007 ori·

265 3045 345 3134 gine
372 3043 414 3108 iu
445 3065 569 3108 unum
597 3039 764 3127 significat
793 3039 879 3104 sicut
908 3039 1033 3120 ἄμυδις,
1068 3040 1187 3107 deiude
1210 3067 1277 3110 nou
1299 3043 1354 3108 mi·

265 3169 345 3211 uore
369 3145 447 3232 jure
476 3168 573 3234 quam
595 3145 658 3207 boc
679 3165 768 3206 uua.
823 3137 896 3206 Jam
919 3153 1051 3229 apparet
1072 3143 1193 3210 rectius
1216 3145 1283 3212 iota
1303 3145 1354 3211 ad·

265 3246 385 3330 scribi,
420 3246 460 3310 de
488 3267 554 3334 quo
580 3255 707 3308 veteres
736 3241 940 3331 grammatici
967 3243 1160 3310 dubitabant
1189 3245 1258 3311 vid.
1282 3247 1353 3330 §.3

264 3360 334 3415 uot.
357 3348 410 3416 w.
456 3347 557 3438 Apud
585 3345 822 3410 Callimachum
852 3343 933 3410 Las.
963 3343 1050 3410 Pall.
1074 3345 1116 3412 75
1145 3347 1224 3428 ἅμαι
1252 3349 1353 3415 editur

264 3475 378 3542 pamm
407 3461 506 3514 recte.
543 3485 583 3498 -
625 3446 757 3512 Dciude
789 3451 940 3529 κρυφᾶ,
983 3447 1071 3536 quod
1100 3449 1223 3516 rectius
1252 3454 1354 3534 κρυφᾶ

266 3551 458 3642 scripseris,
480 3551 589 3640 potius
606 3547 763 3616 Doricum
781 3557 833 3612 cst
848 3571 907 3636 pso
923 3553 1029 3638 κρυφῇ
1042 3573 1138 3640 mam
1151 3575 1213 3641 pro
1230 3552 1352 3638 spaloti,

302 3851 344 3910 ιι)
380 3847 488 3902 soron.
508 3853 541 3904 A.
562 3851 596 3903 ιι.
617 3871 652 3912 α,
671 3855 732 3908 ιιι.
764 3853 934 3927 :aporema
950 3854 981 3908 o
998 3847 1045 3926 ἧι.
1060 3859 1139 3928 ιωρις
1154 3860 1203 3908 τοι
1219 3859 1235 3910 ῑ
1252 3839 1363 3930 rosso

264 3935 447 4006 noposldaeoa
467 3937 494 3988 dt
511 3935 525 3986 d
545 3937 678 3996 Διονύσιος
695 3937 756 3998 sosia
773 3943 879 4012 desputo
897 3945 1017 4012 λέγοντας
1034 3935 1094 4008 dp,
1112 3943 1147 3996 cf.
1159 3941 1349 4000 Secutast.

269 4053 296 4064 -
334 4021 378 4074 Et.
399 4021 439 4076 Μ.
457 4023 525 4085 tlt,
549 4027 570 4076 l.
606 4023 689 4076 torem
710 4022 751 4079 ὅτι
773 4027 804 4082 τὸ
829 4019 874 4096 ἧχι
897 4028 928 4081 sd
954 4029 1088 4096 γινόμενον
1107 4027 1242 4082 iueasdms
1265 4035 1310 4099 τῆς
1324 4051 1350 4094 χι

264 4107 396 4176 συλλαβῆς
423 4104 455 4166 ὥς
477 4105 507 4160 sai
532 4109 590 4174 vat,
617 4113 702 4178 υαὶχιι
730 4113 876 4186 οἶΔυιριιῑς
897 4106 945 4180 sixt
969 4117 1069 4181 λέγουσι
1093 4115 1138 4170 διὰ
1155 4121 1204 4170 τοῦ
1222 4121 1257 4168 ἅ·
1293 4105 1350 4180 dp

264 4193 356 4258 Λίχα
377 4195 460 4259 μέγα
482 4198 587 4256 uduo·
616 4225 648 4236 —
675 4202 807 4253 somlssss
829 4197 897 4255 ὅπου
920 4205 968 4254 sod
985 4203 1059 4267 Λίχα
1079 4200 1110 4254 τὸ
1133 4204 1201 4268 μέγα
1217 4207 1347 4274 μνημεῖον·

263 4279 324 4330 sol·
351 4267 407 4344 ἆχι
423 4275 438 4332 d
455 4278 587 4341 κλεινὸς
601 4279 890 4357 &topices-attae
906 4288 974 4357 (leg.
989 4287 1251 4362 Ἆμοκρυννιάδας).
