2844 4806
256 357 332 434 ffl
559 355 729 430 Addcndo
752 369 788 428 ct
812 353 1047 454 Corrigenda.

257 555 358 624 nimia
379 555 636 624 inconcinnitate
656 557 828 641 lahorcnt,
859 554 1113 644 transpositione
1134 553 1301 620 utendum
1322 565 1355 618 ct

256 669 361 726 totum
389 659 607 747 fragmentum
634 658 669 723 in
704 661 787 726 hanc
814 659 972 726 rationem
1005 655 1247 724 restituendum
1282 677 1353 722 cccc

257 761 469 830 arhllrcmttrr

407 861 531 928 Πῶνειν
551 864 606 944 μὲν
628 863 703 946 cipio
724 867 778 928 καί
798 864 905 948 φαγεῖν
925 859 995 946 μέγ’
1018 858 1158 945 ἆνδρεκοί

408 969 462 1030 καί
484 965 683 1050 καρτερεῖμεν
703 967 784 1032 τοίδε
811 965 968 1046 θηβαῖοο·
993 964 1087 1048 λέγειν
1177 1002 1186 1008 -

408 1071 462 1132 καί
479 1065 577 1151 μικρὰ
600 1067 732 1150 φαγέμεν
751 1069 817 1142 τοῖς
837 1065 1019 1144 Ἀθηναίοις
1039 1066 1123 1147 με’τα.
1403 1109 1404 1146 ,

340 1165 415 1236 Jaro
436 1171 587 1260 reliqua,
624 1167 769 1259 exeeptis
791 1167 979 1234 nominihus
999 1167 1202 1256 gentilibus,
1245 1165 1350 1232 Boco-

258 1271 389 1336 tismnm
411 1272 524 1360 paullo
545 1271 764 1361 antiquiorem
784 1281 931 1336 accurate
939 1270 1115 1354 sonunt,
1147 1283 1264 1336 contra
1285 1270 1349 1334 La·

259 1371 405 1440 conicam
421 1371 594 1439 dialectum
608 1383 736 1462 practer
747 1370 861 1436 πιαίνειν
875 1382 1047 1461 penetrent
1060 1369 1214 1440 infinitivi
1235 1371 1271 1434 in
1292 1395 1349 1451 μιν

259 1485 429 1540 exeuntem
493 1472 654 1539 infinitivi
684 1473 803 1564 partim
835 1473 870 1540 in
894 1498 938 1542 ειν
958 1473 1113 1540 desinunt
1134 1483 1172 1538 ut
1190 1474 1349 1557 θερίδδειν

258 1574 346 1664 apud
375 1575 663 1665 Aristophanem,
704 1575 822 1665 partim
854 1574 890 1640 in
921 1600 975 1659 μεν
1005 1585 1042 1640 nt
1072 1575 1231 1659 κριδδέμεν
1262 1573 1347 1663 apud

260 1675 474 1762 Strattidna3
518 1679 713 1762 καρτερεῖμεν
733 1689 788 1744 ant
815 1701 834 1742 e
861 1679 1059 1764 καρτερείμεν
1079 1678 1202 1742 laetum
1223 1689 1276 1742 cst
1294 1687 1346 1740 aut

261 1779 528 1870 conjugationem
548 1778 584 1844 in
605 1779 821 1870 prosequitur.
881 1779 1010 1846 Censor
1030 1778 1162 1868 quidem
1184 1779 1346 1846 Demeta-

260 1881 389 1948 dicnsis
418 1881 615 1970 vituperavit
642 1904 723 1960 nos,
760 1882 850 1970 qnod
876 1883 1030 1964 θερίδδειν
1055 1879 1252 1948 Βοεοίίεοιι
1277 1903 1344 1946 ease

260 1983 536 2066 credidissemus,
558 1993 590 2049 et
610 1985 751 2066 θερίδδιν
773 1983 911 2050 dialecto
932 1983 1092 2074 postulari
1113 1983 1342 2072 pronuntiarit

261 2083 399 2151 Scilicet
418 2109 485 2152 nou
506 2084 690 2168 intellexit,
734 2109 818 2174 quae
840 2085 919 2152 satis
943 2096 1053 2174 aperte
1073 2085 1243 2152 indicasse
1263 2085 1344 2150 ride·
1403 2167 1404 2184 ρ

260 2187 398 2273 hamur,
442 2188 516 2254 idco
543 2187 734 2254 Boeoticum
762 2209 835 2254 esse
860 2189 1035 2274 θερίδδειν,
1079 2187 1168 2276 qnod
1190 2187 1345 2256 Dorien-

260 2289 493 2370 (Laconieum)
522 2301 608 2356 esset
634 2291 796 2369 θερίδδην.
860 2288 976 2356 Boeoti
1002 2287 1089 2354 enirn
1109 2287 1345 2380 diphthongum
1403 2365 1404 2396 1

261 2415 310 2467 ει,
332 2415 416 2480 quac
438 2403 488 2458 est
508 2393 544 2458 in
564 2391 694 2480 vulgari
714 2391 848 2482 lingna,
877 2415 943 2460 non
965 2400 1090 2458 mutant
1108 2392 1146 2460 in
1168 2419 1182 2455 ι
1202 2393 1266 2459 sed
1286 2416 1346 2458 scr·

260 2503 356 2569 rant,
379 2517 480 2582 quum
501 2494 537 2560 in
559 2493 720 2560 severiore
741 2493 866 2560 Doride
886 2522 908 2572 η
931 2505 981 2562 est
1001 2493 1065 2562 vid.
1077 2493 1151 2560 Μ
1173 2517 1210 2584 p.
1224 2495 1345 2562 18³.-

260 2593 374 2662 Tcrtia
402 2595 538 2684 pluralis
567 2596 733 2683 praeteriti
758 2597 925 2686 vulgarem
953 2596 1217 2663 terminatioacm
1247 2609 1348 2664 serm
1403 2645 1404 2654 ¹

261 2698 297 2766 in
319 2696 521 2782 imperatione
542 2699 644 2764 Lech.
666 2723 717 2764 nr.
733 2698 788 2782 37,
815 2699 890 2765 nist
903 2721 941 2764 ca
961 2722 1025 2765 vox
1046 2710 1196 2788 corrupta
1217 2713 1283 2766 est.

344 2802 442 2890 Pag.
465 2799 529 2868 210
556 2825 613 2864 ur.
636 2801 668 2866 3.
714 2799 852 2890 insigne
874 2800 1057 2889 exemplum
1079 2801 1174 2867 verhi
1196 2803 1349 2867 contracti

261 2903 527 2992 conjugationem
555 2901 590 2968 in
612 2929 647 2984 μι
669 2903 800 2993 sequuti
821 2927 907 2968 nune
930 2901 1037 2968 detexi
1057 2901 1093 2967 in
1115 2902 1287 2970 Corinnae
1305 2905 1349 2969 lo·

262 3027 319 3086 co,
342 3027 439 3092 quem
452 3003 725 3072 Schneidewinns
746 3027 839 3072 meus
860 3004 941 3070 mihi
961 3003 1130 3070 indicavit.
1165 3005 1207 3070 ln
1224 3005 1344 3072 Scholl.

261 3103 352 3170 Vict.
372 3105 471 3172 Hom.
495 3107 537 3172 11.
569 3133 607 3193 ρ,
632 3109 694 3176 197
714 3107 755 3173 ad
776 3131 889 3174 vocem
910 3131 992 3194 γηρα
972 3105 1009 3182 ἃς
1029 3108 1109 3172 hace
1130 3107 1344 3196 adnotantur=

261 3209 315 3272 καί
345 3204 379 3270 κ’
413 3206 513 3292 uipera
552 3208 773 3289 (Schneidew.
803 3208 960 3292 Κόριννα)
993 3213 1169 3294 βροντᾶς
1202 3208 1272 3274 cirri
1299 3213 1346 3274 cod

261 3307 450 3394 βροντήσας.
515 3308 604 3380 hlale
633 3311 807 3380 scholiasta
835 3333 947 3378 vocem
976 3333 995 3376 c
1023 3309 1202 3394 βροντήσας
1230 3313 1346 3379 l'actm

262 3424 374 3502 putat,
399 3421 436 3478 ut
455 3411 554 3495 γηράς
577 3414 758 3498 empcione
779 3413 814 3478 in
836 3413 934 3480 hrcvc
956 3423 1155 3480 contractum
1178 3425 1347 3503 putarun-

262 3515 373 3606 potins
394 3513 510 3601 βρονταί
512 3541 528 3590 ς
549 3540 567 3580 a
588 3513 741 3598 βρόνεαμν
762 3515 945 3582 ducendum
969 3527 1032 3582 cst.

346 3617 440 3705 Pag.
462 3617 527 3684 210
558 3618 582 3685 Ι
607 3619 658 3685 18.
706 3617 805 3685 Ceos.
827 3615 973 3683 Darmst.
997 3629 1083 3683 recte
1103 3617 1234 3682 monuit
1255 3619 1404 3704 vulgo

263 3716 417 3800 ἁδικειμέν
401 3745 453 3795 νος
481 3719 607 3804 scrihi,
642 3731 679 3784 nt
707 3721 749 3787 sit
777 3720 969 3810 perlectum.
1033 3717 1218 3804 Elmslejus
1247 3731 1349 3786 umen

263 3821 391 3900 numeri
421 3845 519 3888 eausa
546 3844 703 3913 praesens
733 3819 921 3903 ἀδικείμενος
947 3819 1125 3910 praetulit,
1173 3822 1267 3912 quod
1289 3843 1347 3888 uon

262 3931 313 3988 est
334 3940 393 3988 cur
412 3923 454 3988 ah
475 3923 718 4014 antiquioribus
741 3924 874 3990 Boeotis
895 3923 1131 4010 abjudicemus.

346 4063 388 4074 —
422 4037 503 4090 not.
526 4028 559 4092 ³.
591 4025 666 4091 'Ad
688 4025 862 4092 Aeolicum
884 4025 1005 4092 idioma
1026 4026 1216 4092 refutantur
1237 4027 1351 4108 ἐμάθο·

265 4149 345 4210 σαν,
385 4127 509 4192 sidonae
542 4139 575 4194 ct
604 4128 726 4194 similia
758 4126 1016 4196 aGramoraticc
1042 4127 1129 4217 apud
1152 4129 1348 4216 Peyroninn

263 4239 337 4316 post
358 4227 468 4318 Etym.
492 4229 609 4296 Orion.
631 4255 665 4318 p.
689 4231 762 4298 241.
