2878 4814
314 411 436 508 §.t-ar.
490 413 550 488 uo
572 410 742 484 amem
767 394 916 482 nosce.
1085 403 1159 484 coo

63 619 168 704 licat,
190 604 337 686 Boeotia.
362 657 406 672 --
449 617 490 684 In
510 613 731 685 declinatione
753 624 910 682 notamus.
923 609 1069 682 dativum
1089 613 1161 706 plu·

64 721 174 790 raleur
193 718 309 788 tertiae
338 719 374 786 iu
405 741 476 785 ecce
504 729 697 804 exeuntem,
731 741 828 808 quem
848 715 949 784 Doris
971 725 1005 782 et
1024 724 1162 805 ubsque

64 823 187 890 Aeolis
208 843 250 886 ex
270 821 464 913 antiquitate
476 831 698 910 acceperunt,
727 817 848 887 deiude
867 816 998 884 Atticae
1019 815 1162 884 declino

65 923 172 991 tionis
189 947 307 992 vocum
328 923 364 990 in
386 917 470 1000 acet
491 947 541 999 ece
561 924 729 988 horrorem
752 919 872 988 iisdem
888 941 1104 987 communem.
1120 961 1162 976 ·-

67 1026 108 1092 ln
131 1025 385 1116 pronominibus
407 1023 639 1116 personalibus
659 1021 747 1113 apud
767 1021 875 1088 Dares
896 1031 930 1086 et
949 1019 1092 1088 Boeotaa'
1112 1045 1164 1088 rc·

66 1126 244 1216 pariuntur
273 1124 411 1216 genitivi
439 1125 622 1216 singulares
654 1122 690 1190 iu
718 1149 752 1202 ς,
786 1133 823 1189 ut
852 1125 960 1206 ε’μοῦς,
1000 1135 1034 1189 et
1062 1123 1170 1191 dativi»

70 1229 261 1318 singulares
289 1227 326 1294 iu
354 1253 395 1294 ιν.
452 1225 684 1295 Nominativus
710 1225 796 1315 apud
817 1224 951 1292 eosdem
969 1234 1002 1292 et
1022 1224 1171 1312 Lesbios.

68 1329 104 1399 iu
127 1356 162 1408 ες
183 1329 253 1398 exit
283 1327 380 1409 (Dor.
403 1327 519 1396 Boeot.
541 1323 636 1413 ὶὶμές,
669 1328 772 1398 Lesb.
797 1325 926 1410 ἄμμες),
959 1327 1165 1394 aecusativus

69 1431 109 1500 iu
130 1459 145 1498 ε
166 1433 266 1514 (Dor.
289 1442 322 1500 et
342 1431 399 1498 vix
419 1431 515 1498 aliter
534 1428 692 1497 Boeotiae
715 1429 791 1513 ἆμὲ,
824 1427 927 1495 Lesb.
952 1427 1058 1514 ἄμμε).
1102 1431 1166 1496 Ar-

70 1533 195 1604 ticulus
228 1555 303 1600 cum
335 1531 598 1602 demonstrativis
631 1531 684 1597 ὅδε
712 1542 745 1598 et
779 1527 870 1608 οὗτος
898 1530 950 1598 in·
966 1531 1169 1600 nominativo

71 1635 195 1726 plurali
218 1633 305 1724 apud
326 1634 433 1700 Dores
455 1645 488 1700 et
509 1633 652 1702 Boeotos
673 1631 844 1722 antiquum
865 1659 881 1697 τ
901 1645 1027 1718 servat,
1057 1632 1167 1700 relati·

71 1761 149 1804 vum
171 1737 208 1802 in
230 1735 349 1802 iisdem
372 1747 405 1804 et
426 1736 462 1802 iu
483 1733 647 1802 Lesbiaca
668 1733 808 1808 dialecto
829 1734 1025 1805 resciscere
1044 1745 1165 1826 potest.

72 1837 194 1906 Doridi
217 1837 348 1928 propria
372 1848 449 1904 sunt
470 1821 722 1909 demonstrativa
752 1837 861 1920 τῆνος,
896 1842 1056 1931 τοσσῆνοςλ
1078 1848 1112 1903 et
1138 1837 1168 1902 si

73 1965 138 2030 qua
167 1941 302 2006 fuerunt
331 1934 473 2023 similia,
505 1936 692 2005 reflexivum
723 1935 876 2004 circumi
883 1987 894 2015 ,
932 1939 1021 2034 quod
1049 1950 1100 2006 est
1127 1961 1168 2006 ex

75 2039 169 2118 αὐτὸς
192 2039 288 2106 αὑτοῦ
308 2041 442 2106 factum.
466 2079 507 2094 -
549 2039 599 2114 Iu,
612 2037 845 2128 conjugatione
867 2037 990 2108 Dorica
1012 2037 1098 2110 nibil
1118 2037 1168 2109 in·

74 2142 207 2233 signius
230 2154 279 2211 est
299 2165 398 2233 quam
420 2139 524 2207 futuri
553 2139 635 2208 ratio
664 2165 722 2226 ea,
757 2164 840 2234 quae
860 2151 936 2234 post
960 2166 980 2208 o
1000 2140 1120 2236 inserit
1141 2163 1166 2220 a,

74 2241 107 2308 iu
128 2244 233 2312 variis
255 2243 387 2310 dialecti
407 2240 584 2332 generibus
605 2241 842 2318 diversissimis
864 2243 950 2313 illud
970 2243 1077 2314 modis
1098 2267 1169 2310 mu·

75 2355 175 2412 tatum
200 2343 250 2432 (§.
274 2345 335 2430 35,
360 2345 380 2411 3
403 2359 435 2411 et
456 2343 490 2430 ἓ
513 2335 588 2428 Ι26),
615 2369 679 2438 qua
702 2343 895 2411 formatione
916 2344 1075 2412 Doridem
1095 2367 1169 2438 pro-

1232 1062 1296 1277 d

76 2447 151 2536 pius
182 2471 280 2538 quam
311 2445 456 2538 reliques
487 2445 643 2514 diolectos
672 2439 715 2514 bd
742 2445 881 2536 priscam
909 2447 1057 2540 linguam
1080 2469 1171 2514 acce·
1266 2436 1268 2442 ¹

77 2547 153 2615 dere
169 2547 362 2633 docuimus3
385 2549 493 2614 lutura
503 2541 636 2638 ¹passivi
657 2549 692 2628 iu
708 2545 834 2614 Doride
850 2549 994 2640 genuina
1008 2548 1171 2636 objectiva

76 2647 180 2717 forma
203 2649 251 2715 uti
272 2649 436 2718 videntur.
482 2649 510 2715 E
533 2649 751 2718 remotissima
773 2661 876 2718 aetate
890 2651 1034 2718 mauavit
1046 2650 1170 2744 primae

76 2773 239 2840 personae
259 2752 398 2842 pluralis
419 2746 604 2820 terminatio
626 2775 680 2832 μες
701 2749 821 2818 Doridi
843 2752 994 2844 propria,
1027 2776 1089 2820 uec
1111 2751 1170 2819 mi·

77 2873 139 2920 uus
159 2851 277 2919 tertiae
303 2850 443 2944 pluralis
472 2851 658 2919 terminatio
686 2880 751 2952 ora,
785 2879 883 2946 quam
911 2855 1056 2924 notiores
1081 2865 1173 2920 certe

79 2951 211 3024 dialecti
232 2965 398 3020 mutarunt
418 2953 750 3040 <Ac.10n..te'70voo,
774 2953 877 3020 Lesb.
894 2957 1030 3042 λέγωσι,
1052 2955 1168 3036 Boeot.

80 3056 220 3140 λέγονθι,
255 3055 336 3122 Dor.
361 3055 502 3140 λέγοντι).
557 3053 694 3123 Brevior
723 3055 837 3123 tertiae
859 3057 996 3146 pluralis
1018 3059 1171 3149 praeteri·

80 3166 186 3224 torum
216 3156 460 3248 conjugationis
489 3156 525 3221 in
555 3181 591 3238 μι
621 3157 725 3224 forma
757 3182 861 3248 aeque
891 3160 1025 3250 antiqua
1057 3158 1170 3248 (ἔγνον,
1207 3241 1214 3256 .

81 3258 260 3338 taceaco)
287 3257 453 3326 Aeolibus
474 3257 657 3329 communis
679 3269 740 3328 est.
799 3259 960 3348 Ejusdem
989 3261 1172 3330 infinitivus

82 3357 116 3424 iu
136 3387 192 3444 μιν
214 3359 283 3426 exit
304 3361 390 3453 apud
411 3383 527 3426 omncs
549 3359 734 3428 Dorienses
755 3384 833 3428 exce
871 3361 881 3380 ‘
922 3361 1084 3449 Rhodiis,
1113 3365 1172 3454 qui

82 3460 339 3530 terminationem
369 3461 405 3528 iu
434 3487 501 3544 μειν
527 3461 734 3552 producuut3
765 3461 824 3532 illa
901 3463 936 3532 'o
966 3490 1031 3534 uon
1063 3466 1173 3532 miuus

83 3559 237 3630 Boeotiea
259 3575 321 3632 cst.
365 3563 537 3658 Participii
558 3564 696 3654 perfecti
714 3565 872 3635 seminini
883 3567 1086 3654 terminatio,
1109 3591 1174 3658 qua

83 3664 247 3758 antiquior
267 3665 369 3732 Doris
391 3667 543 3733 universa
564 3689 624 3732 usa
645 3689 718 3732 esse
738 3667 887 3753 videtur,
917 3693 982 3735 una
1007 3694 1079 3736 eum
1101 3671 1173 3737 vul·

67 3765 154 3852 ‘gari
182 3769 236 3832 υἷα
266 3778 297 3833 et
318 3769 431 3836 louica
460 3769 512 3834 οἶα
541 3791 559 3833 e
581 3765 656 3834 rudi
676 3767 814 3858 quadam
835 3769 943 3858 prisca
964 3771 1096 3860 prodiit.
1143 3769 1171 3836 E

86 3867 193 3935 verbis
221 3867 459 3958 irregularibus
488 3879 521 3934 et
550 3867 722 3937 defectivis
751 3872 889 3937 maxime
919 3885 1069 3940 notamus
1093 3896 1173 3940 uon·

87 3967 176 4034 nulla
199 3969 317 4036 Doridi
344 3981 400 4038 aut
425 3969 556 4062 propria
576 3981 632 4036 aut
652 3994 730 4062 prae
750 3971 888 4064 reliquia
911 3973 1059 4042 dialectis
1083 3975 1174 4042 lemi-

87 4065 196 4136 llario:
232 4067 402 4154 ddlaodcc,
430 4075 576 4151 ciccae,
607 4075 758 4154 edoceo,
790 4075 909 4157 luctet„
924 4079 1000 4156 λῆν,
1028 4080 1174 4162 μῶσθαι,

88 4167 265 4237 πάσασθαι.
322 4173 472 4258 Quorum
500 4177 601 4262 quum
623 4176 776 4264 pleraque
797 4199 816 4240 c
837 4199 961 4244 summa
982 4177 1175 4266 antiquitate

89 4270 203 4340 tradita
224 4297 328 4364 eaque
349 4276 422 4367 ipsa
439 4273 479 4342 de
496 4297 593 4342 causa
607 4298 626 4340 a
641 4275 784 4368 reliquis
795 4277 943 4344 dialectis
961 4299 1028 4344 uon
1040 4280 1175 4348 omnino
