2890 4816
265 391 343 470 298
496 469 500 478 ,
635 394 694 466 De
722 390 990 493 conjugatione.

267 593 387 661 deinde
409 591 513 660 vocali
536 618 572 670 ο,
603 615 688 682 quae
707 617 773 658 non
796 593 839 658 ad
860 591 998 684 stirpem
1020 593 1180 684 pertinet,
1204 593 1239 658 in
1259 605 1276 658 'e
1297 619 1360 660 mu·

266 705 354 780 tata,
387 695 475 786 quod
497 706 657 786 sequente
680 694 784 783 sigma
804 695 1006 784 postulatur,
1036 694 1165 762 nullum
1187 693 1361 764 discrimen

268 797 355 864 ister
374 797 576 886 singularem
598 807 631 864 et
652 795 811 886 pluralem
833 806 953 862 manet.
977 835 1018 848 ·-
1048 793 1123 861 Jam
1145 821 1163 862 a
1184 810 1276 886 parte
1296 799 1360 863 llo·

267 900 425 966 riensinm
447 927 464 964 ν
486 898 521 962 in
542 898 608 964 line
630 898 773 963 additum
797 910 867 982 est,
892 909 928 963 ut
949 897 984 962 in
1005 895 1179 964 Homerica
1201 911 1234 965 et
1255 901 1361 966 Attica

267 1001 428 1082 dialecto,
457 999 535 1090 quia
557 1028 575 1063 ν
595 1000 631 1064 in
653 999 743 1066 exitu
764 1000 932 1066 tertiarum
954 1021 1167 1090 personarum
1189 1002 1362 1092 pluralium

267 1103 382 1170 audire
404 1113 661 1187 consueverant3
691 1102 736 1167 ita
757 1102 792 1167 iu
816 1101 979 1190 objectivo
1000 1102 1104 1168 lsrma
1125 1104 1273 1190 genitivo
1293 1105 1360 1195 plu·

267 1205 329 1272 rali
344 1203 529 1294 participii,
553 1204 588 1268 in
612 1203 931 1300 subjectivotertiae
952 1203 1043 1269 duali
1064 1204 1248 1295 imperativi
1261 1231 1360 1296 aequa

267 1318 343 1372 nata
364 1317 426 1374 est.
484 1305 593 1372 lllulto
613 1303 777 1372 recentior
798 1321 850 1377 est
870 1305 965 1373 tertia
986 1303 1122 1389 lormas
1144 1331 1228 1398 quae
1251 1309 1362 1374 tertiae

266 1431 428 1498 personae
454 1406 615 1497 singulari
645 1407 907 1474 terminationem
941 1431 1000 1471 σον
1032 1407 1123 1474 addit
1155 1433 1193 1476 ea
1224 1409 1361 1491 ratione,

266 1535 365 1602 quam
390 1510 503 1597 justae
530 1510 702 1600 analogiae
724 1507 890 1576 adversari
914 1509 1099 1576 accuratius
1118 1512 1289 1600 quaerenti
1310 1535 1362 1600 ap

267 1623 370 1702 paret.
413 1611 556 1677 Videtur
576 1635 613 1676 ea
634 1611 776 1700 primum
797 1609 832 1676 in
853 1597 1038 1697 subjectiro
1054 1613 1237 1701 placuisse,
1261 1635 1361 1702 quon

267 1715 332 1782 iam
354 1715 409 1780 lric
430 1714 534 1804 prima
554 1715 659 1779 lorma
680 1737 755 1780 cum
776 1713 871 1780 tertia
902 1713 1086 1802 singulari,
1119 1715 1262 1780 secunda
1291 1737 1361 1778 cun

268 1817 364 1884 tertia
385 1817 474 1882 duali
495 1815 672 1906 permutari
693 1825 831 1902 poterat.
876 1815 988 1880 Simili
1009 1816 1135 1884 ratione
1158 1815 1307 1897 Rhodii,
1328 1816 1361 1877 in

267 1919 433 2007 objectivo
453 1917 703 2009 antiquissimae
724 1917 848 1982 lormae
869 1916 1023 2000 tenaces3
1055 1921 1193 2008 per-oti
1220 1941 1298 1982 esse
1319 1917 1362 1982 ri·
1434 1989 1435 1994 .

268 2023 407 2104 dentur,
440 2031 477 2087 nt
506 2021 541 2087 in
571 2018 755 2105 subjectivo
783 2019 959 2084 secundam
991 2019 1212 2108 praeferrent3
1254 2019 1362 2084 minus

266 2123 355 2191 enirn
376 2123 512 2190 molesta
534 2137 603 2192 crat
624 2120 763 2213 pluralis
785 2143 861 2186 cuna
883 2121 972 2188 duali
992 2147 1089 2214 quam
1112 2145 1187 2188 cnm
1203 2119 1363 2211 singulari

268 2225 464 2294 similitudo.
1434 2283 1435 2310 q

352 2327 468 2407 5)·1n
498 2323 630 2392 tertia
659 2323 777 2391 duali
806 2323 1132 2413 praeteritorum
1155 2337 1189 2392 et
1208 2325 1359 2416 optati·
1434 2311 1435 2316 ἵ

267 2451 405 2496 sorum
437 2425 648 2514 objectivi
688 2439 722 2492 et
762 2424 1001 2514 subjectivi
1033 2439 1130 2516 atque
1163 2429 1200 2494 in
1235 2427 1362 2518 prima

267 2529 485 2622 singulari
513 2529 842 2619 praeteritorum
873 2527 1110 2616 subjectivi
1133 2557 1155 2594 ο
1174 2541 1226 2598 est
1248 2555 1309 2619 pro
1331 2557 1361 2606 η,

269 2645 307 2698 nt
327 2629 506 2711 ἐποησάτον
526 2631 649 2722 Delplr.
673 2655 724 2696 nr.
747 2629 809 2714 25,
840 2629 1026 2710 seneclutem
1048 2631 1168 2715 Pind,
1193 2633 1363 2714 currerim

270 2735 359 2801 Cret.
384 2733 492 2818 2555,
526 2732 739 2816 ἐμπορευόμαν
767 2743 801 2800 el
829 2731 991 2814 ἀνειλόμαν
1020 2733 1165 2800 Acheru.
1188 2735 1263 2801 721).
1287 2733 1361 2808 776,

268 2837 394 2920 ὀλοίμαν
414 2835 540 2924 ngg.
574 2843 638 2901 etc.
693 2835 812 2902 Dualis
833 2847 940 2900 tames
963 2835 1136 2900 verborum
1162 2836 1196 2900 in
1217 2835 1363 2902 certiori·

268 2940 332 3005 lons
349 2937 487 3004 Doridis
510 2935 658 3002 lontibus
679 2959 745 3002 non
766 2937 877 3002 minus
898 2960 992 3002 rarus
1005 2949 1055 3002 est
1068 2961 1165 3026 quam
1182 2939 1361 3004 nomicum.

268 3043 404 3110 Praeter
424 3038 601 3116 ἔποησάταν
628 3037 662 3102 in
696 3039 831 3128 antiquo
861 3038 921 3104 illo
940 3038 1038 3104 h'tnlo
1059 3037 1225 3128 Delplrico
1246 3065 1297 3106 nr.
1321 3038 1364 3105 ‘25

268 3167 430 3233 nusquam
451 3141 579 3209 dualem
603 3141 714 3230 legere
736 3141 868 3206 memini
889 3151 1115 3232 praeterquam
1136 3141 1283 3206 Acheru.
1299 3141 1364 3208 699

269 3245 436 3328 ἀκούετον,
459 3243 547 3335 quod
567 3243 775 3308 Hermannus
795 3253 897 3308 metro
920 3242 1077 3310 suadente
1099 3255 1186 3309 recte
1208 3243 1243 3306 in
1266 3241 1364 3306 ἀνού-

269 3371 315 3412 ere
337 3357 478 3413 muusse
500 3345 645 3430 vidctnr3
667 3368 797 3434 semper
819 3344 906 3410 enim
920 3341 1125 3431 Megarensis
1146 3345 1257 3410 ambas
1278 3344 1363 3408 lilias

268 3450 442 3540 alloquens
463 3447 583 3537 plurali
605 3446 718 3512 utitur.
762 3445 833 3512 Nec
854 3447 1017 3532 genuinos
1031 3445 1235 3511 existimabis
1249 3445 1364 3510 duales

267 3551 490 3618 uosrncnre'rms
511 3561 544 3614 et
565 3549 749 3612 e'ausmr'sns
769 3548 856 3636 apud
878 3549 1110 3613 Archimedem
1131 3549 1171 3612 de
1195 3547 1302 3611 llelic.
1327 3569 1361 3635 p.

267 3653 345 3736 232,
367 3673 551 3742 quanquam
575 3651 616 3716 de
638 3649 768 3716 duabus
788 3648 887 3714 lineis
908 3651 1033 3736 agitnr3
1059 3671 1131 3714 nam
1154 3668 1196 3733 η
1215 3649 1269 3713 liic
1290 3647 1364 3735 qui·

269 3755 342 3820 dem
372 3753 483 3836 duali,
516 3754 614 3839 cnjus
644 3751 910 3842 frequentissima
941 3751 1070 3816 occasio
1099 3763 1187 3834 erat,
1220 3773 1365 3838 uuquam

269 3881 349 3922 usus
371 3879 444 3922 esse
466 3855 606 3922 videtur.

354 3958 397 4030 6)·
435 3959 471 4022 lu
515 3945 649 4048 prima
690 3954 854 4043 plurali
895 3955 1136 4041 subjectivi
1176 3951 1364 4020 terminatio

268 4068 374 4140 μεσθα
403 4059 524 4124 lloricn
558 4057 679 4124 dicitnr
711 4056 854 4146 aGreg.
892 4055 971 4122 Cor.
1000 4082 1033 4146 p.
1060 4053 1120 4122 180
1148 4052 1366 4120 Theocritum

269 4160 478 4249 respiciente.
518 4159 582 4225 Cui
607 4159 692 4222 leand
716 4159 852 4222 msdtuur
874 4157 951 4224 lidei
974 4157 1181 4222 tribuendum
1202 4167 1263 4221 est.
1300 4155 1366 4217 Po·

270 4263 337 4327 tius
359 4261 505 4348 culparis
526 4259 717 4346 terminatio,
732 4271 816 4340 μεθα
839 4261 909 4326 sola
931 4259 1091 4348 reperitur
1114 4257 1148 4322 in
1174 4257 1304 4336 titulis,
1329 4269 1368 4320 nt
