2894 4820
234 348 258 392 X

232 545 398 606 accurate
438 534 808 628 accommodaremus,
860 534 923 607 sed
969 532 1080 608 semei
1124 537 1318 627 monuisse,

233 663 325 735 queo
351 635 397 706 ud
421 638 545 734 plures
569 637 668 712 iocos
693 641 935 738 pertinerent,
971 639 1057 710 satis
1084 633 1290 709 habuimus

334 741 468 837 Accipe
496 741 633 840 igitur,
679 743 736 812 mi
768 739 1066 862 Lachmannc,
1110 739 1207 810 hune
1235 764 1319 837 qur·

233 839 448 939 iemcnnque
470 841 626 934 tibrum,
671 845 835 942 quernei
862 843 981 964 priore
1015 867 1088 914 uon
1115 841 1320 914 inferiorem

227 942 449 1041 judicaveris
474 969 593 1043 neque
619 944 700 1018 leve
720 940 823 1018 hoc
815 945 926 1016 animi
954 945 1025 1016 mei
1054 966 1139 1042 erga
1165 943 1227 1016 Te
1259 941 1321 1014 do·

232 1057 437 1118 cumentum
469 1049 745 1146 contempseris,
791 1049 877 1118 setis
902 1045 1059 1144 emplum
1092 1043 1226 1116 laboris
1252 1045 1320 1115 mei

232 1149 431 1246 praemium
462 1161 589 1222 nectus
618 1175 697 1222 esse
730 1149 892 1222 videbor.
947 1146 1088 1246 Spero
1113 1146 1192 1218 fieri
1217 1171 1320 1265 posse

232 1261 274 1320 ut
299 1249 463 1322 breviore
489 1251 679 1325 intervallo
710 1249 878 1324 succedat
903 1252 1052 1341 tertius,
1093 1251 1157 1347 qui
1183 1249 1253 1319 erit
1278 1245 1320 1319 de

232 1349 382 1424 dieiecto
410 1354 545 1426 ionica.
623 1352 745 1448 Quum
772 1356 868 1427 enim
895 1355 933 1423 in
959 1355 1039 1472 ipso
1063 1349 1159 1421 libro
1183 1349 1321 1447 aliquo-

231 1455 300 1525 ties
326 1453 577 1547 indicaverim,
613 1469 823 1555 sequentem
851 1456 896 1527 de
923 1456 1045 1526 mixtis
1071 1453 1263 1552 lyricorum
1287 1461 1323 1522 et

231 1553 477 1630 Bucolicorum
504 1555 666 1630 dialectis
698 1573 860 1631 acturum
887 1582 985 1646 esse,
1032 1553 1221 1628 consitium
1243 1575 1320 1622 mu·
1426 1613 1427 1628 ,

232 1657 378 1728 tandum
408 1671 505 1750 erut,
544 1673 731 1758 postquem
754 1661 911 1758 comperi
932 1657 1137 1758 Zieglerum
1155 1654 1322 1752 egregiis

1424 1655 1427 1770 t

230 1759 405 1832 librorum
439 1763 762 1858 manuscriptorum
793 1763 907 1857 copiis
937 1761 976 1835 in
1003 1759 1108 1832 ltuiia
1140 1755 1323 1855 conquisi·
1426 1827 1427 1864 ,

230 1865 277 1935 tis
304 1863 488 1936 Theocriti
516 1864 709 1936 editionem
737 1887 876 1960 parare.

333 1989 422 2062 Vuie
449 2003 486 2064 et
511 1991 600 2061 mihi
624 1989 743 2064 favere
769 2015 894 2090 perge.

272 2191 400 2260 Dabam
420 2135 736 2264 tristissumum
757 2191 857 2282 Majis
879 2220 909 2260 a.
933 2188 1251 2262 Mucccxlnlll:

611 2542 944 2555 --.-....----.--
