2862 4808
390 415 424 508 §.
452 415 514 492 48.
566 415 624 488 Da
648 411 800 488 mitiore
824 410 974 488 Doride.
1152 411 1231 490 tlt

129 621 228 699 etiam
247 619 345 687 verba
366 627 531 684 contracta
553 626 586 682 et
607 613 716 680 lutura
737 613 860 702 tangit,
890 611 1020 680 differre
1042 613 1172 682 videtur
1192 626 1229 682 ut

129 711 368 808 Μοιραγένιυς,
402 717 654 806 προωνεύμενος,
687 718 889 782 diatonium.
937 715 1127 782 lnflnititus
1149 741 1227 784 eou-

124 819 313 915 jdgationis
334 823 371 888 in
392 817 674 906 interminatione
696 817 824 908 vulgari
843 819 947 884 utitur
961 830 999 884 ut
1017 818 1125 901 δόμεν,
1148 820 1226 888 iteca

128 925 226 992 tertia
246 925 386 1016 pluralis
407 921 563 990 infinitivi
586 934 622 988 ut
648 920 768 1007 δόνιως
791 931 1006 989 summarum
1027 921 1227 1011 syllabarum

128 1025 294 1118 correptio
316 1049 384 1092 uon
405 1035 592 1115 usurpatur.

215 1185 247 1262 c)
277 1182 561 1248 Theraeorum
586 1178 743 1245 dialectos
764 1200 783 1243 a
803 1175 934 1268 vulgari
946 1177 1073 1246 Doride
1087 1177 1227 1247 maxime

129 1285 329 1376 syllabarum
350 1281 499 1348 finalium
521 1283 727 1372 correptione
750 1277 965 1368 distinguitur
984 1291 1022 1346 ut
1041 1279 1096 1358 τὰς
1119 1279 1225 1366 νόμος,

129 1388 231 1471 λέγες,
254 1383 350 1463 θύεν,
376 1383 486 1468 ἅγαγὲν
507 1381 572 1450 vid.
595 1381 628 1465 ᾗ.
645 1383 708 1470 213
732 1377 851 1448 delude
871 1382 986 1448 tertiae
1007 1382 1146 1472 pluralis
1166 1383 1227 1450 im·

128 1487 269 1580 perativi
289 1483 518 1576 terminatione
539 1511 582 1549 un
602 1495 639 1550 ut
660 1485 791 1570 ἐχόνιων
802 1529 814 1568 ‚
841 1483 1063 1571 noprvr'cduv3
1095 1485 1227 1552 vocales

130 1615 164 1656 ao
188 1613 253 1655 non
276 1587 465 1654 coalescunt
485 1585 520 1652 in
543 1609 576 1649 ιυ
597 1585 663 1651 nisi
685 1585 720 1652 in
742 1585 936 1652 nominibus
961 1609 1035 1652 cum
1050 1591 1126 1668 κλῆς
1140 1609 1226 1654 com·

127 1690 248 1783 positis
273 1700 310 1754 ut
329 1688 498 1767 Ἰσοκλεῢς,
523 1711 624 1778 quum
646 1689 682 1754 in
705 1687 845 1778 reliquis
867 1687 1026 1775 genitivis
1045 1701 1079 1754 et
1099 1689 1135 1756 iu
1154 1713 1226 1756 ver·

127 1791 182 1858 bis
206 1816 242 1858 ου
264 1801 436 1873 nascatur,
471 1801 506 1854 ut
530 1791 757 1875 Πρᾳξιιὲλους,
789 1787 1024 1873 ἀφαιρούντων,
1057 1793 1224 1868 dalaima.

128 1893 319 1959 lntnittnn
348 1890 591 1980 conjugationis
622 1891 657 1957 in
684 1917 719 1973 μι
746 1891 914 1980 vulgarem
936 1891 1092 1959 Doricam
1109 1893 1226 1962 ‚termi-

119 1995 298 2062 'nationem
320 2005 428 2062 servat
449 2005 485 2058 nt
507 1993 609 2074 δόμεν.
633 2031 674 2044 -
705 1993 783 2059 cai
805 2017 878 2060 cum
900 1993 1060 2062 'l'beracis
1077 1993 1226 2062 finalium

127 2097 329 2187 syllabarum
351 2095 589 2186 correptionem
610 2119 814 2162 communem
836 2095 1015 2180 habebant,
1036 2106 1074 2162 ut
1093 2107 1226 2188 apparet

129 2223 149 2265 c
173 2197 274 2276 titulo
303 2221 354 2262 nr.
378 2198 474 2265 2508.
519 2197 590 2264 Eos
611 2197 717 2288 magis
740 2221 837 2286 quam
858 2197 1028 2264 Tbcracus
1051 2197 1225 2288 dipbtbon·

130 2325 213 2421 gum
235 2325 268 2364 ευ
289 2299 509 2366 contrahendo
539 2299 707 2383 effecisse,
739 2300 810 2366 noli
833 2323 851 2366 e
873 2323 925 2365 nr.
945 2300 1031 2368 2513
1052 2299 1222 2392 colligere.

126 2369 223 2470 Eefl'
202 2401 290 2468 cnim
314 2401 505 2490 inscriptio,
529 2426 627 2492 quarn
642 2401 860 2468 Fourmontns
883 2413 996 2492 aperto
1016 2425 1124 2470 errore
1140 2402 1225 2468 Gbio

125 2503 264 2590 tribuit,
287 2501 475 2569 Boeckhins
499 2525 517 2568 e
540 2503 726 2588 conjectura
748 2505 834 2570 iuter
848 2503 934 2570 Coae
953 2503 1083 2594 potuit,
1105 2503 1224 2572 ilbodo

126 2603 325 2674 vindicanda
346 2627 420 2670 esse
442 2603 571 2670 videtur
593 2605 638 2670 cf.
662 2629 713 2671 nr.
736 2603 834 2672 2545.
856 2605 954 2674 2546.

212 2759 289 2844 Quo
309 2759 633 2847 Anapbaeorum
662 2749 777 2848 lingua
797 2759 968 2828 referenda
987 2761 1052 2846 sit,
1085 2785 1154 2830 nou
1174 2752 1225 2832 sai

124 2861 171 2928 tis
192 2871 337 2952 apparet.
382 2859 523 2950 Propter
552 2871 673 2926 aretam
704 2885 778 2928 cum
801 2862 961 2930 Tberaeis
982 2863 1222 2952 cognationem,

124 2963 168 3030 dc
203 2985 267 3052 qua
298 2960 374 3028 vide
405 2959 563 3028 Roseium
595 2962 631 3028 in
662 2961 760 3030 Actis
788 2964 987 3032 Academiae
1014 2963 1224 3034 Monacensis

124 3065 216 3132 llist.
239 3063 330 3130 Phil.
363 3063 446 3130 1837
473 3087 507 3153 p.
530 3063 592 3130 401
616 3087 734 3154 seqq„
765 3066 905 3132 similem
927 3067 1095 3134 Tberueae
1123 3067 1224 3136 diale-

124 3179 213 3234 ctum
236 3165 324 3255 apud
340 3166 539 3254 Anapbaeos
561 3166 777 3256 suspicamur.
821 3167 924 3236 Nullo
943 3180 1052 3238 umen
1074 3172 1224 3262 exemplo

121 3269 310 3353 indicatur,
332 3276 442 3332 utrum
464 3276 623 3336 extremas
644 3267 788 3356 syllabas
810 3271 1048 3361 corripuerim,
1076 3273 1113 3340 id
1134 3271 1224 3363 quod

123 3370 286 3438 'l'beracie
309 3369 482 3459 praecipue
504 3369 669 3458 peculiare
692 3381 762 3456 est,
796 3395 923 3457 necne3
960 3397 993 3438 ευ
1010 3373 1047 3440 ἱιι
1067 3372 1224 3463 genitivis

123 3473 257 3563 saepius
279 3495 375 3561 qnam
397 3469 539 3538 'l'beraei
560 3472 781 3550 admiserunt,
805 3484 843 3540 nt
865 3475 1122 3562 Τιλεσικράτιυςι
1144 3499 1223 3542 num

122 3575 224 3642 etiam
252 3573 289 3640 iu
309 3571 439 3655 verbis,
471 3596 539 3640 non
565 3583 664 3662 patet.
720 3573 897 3644 infinitivis
919 3577 1164 3667 conjugationis
1186 3575 1223 3644 in

122 3703 160 3761 μι
179 3673 328 3762 vulgans
351 3673 537 3740 terminatio
565 3686 615 3742 eat
643 3685 680 3740 ut
709 3677 857 3758 δοθιῖμεν.
887 3720 930 3733 -·
981 3677 1095 3746 Minus
1124 3679 1223 3746 ctiam

121 3785 275 3846 accurate
296 3774 337 3839 de
358 3773 586 3842 Melior-nm
614 3775 755 3844 dialecto
777 3791 921 3858 constat,
952 3803 1055 3872 ιῙιιιιιιι
1074 3806 1093 3848 e
1115 3781 1222 3850 titulis

122 3879 210 3946 nibil
232 3885 385 3966 appareat
404 3875 471 3942 nisi
491 3874 621 3943 mitiore
636 3877 763 3946 Doride
785 3905 865 3950 usos
887 3905 960 3948 esee
983 3882 1148 3969 genitivos
1170 3907 1221 3952 sa·

121 3979 252 4050 eundae
273 3974 503 4044 declinationis
532 3977 568 4044 in
599 4003 636 4045 ου
662 3983 877 4068 terminant03
910 3983 945 4048 iu
968 3983 1221 4076 Pholegandriis

120 4076 398 4170 inscriptionibus
420 4103 462 4146 ne
484 4103 590 4168 genus
612 4082 745 4171 quidem
766 4082 906 4152 Doridis
928 4085 1073 4152 discerni
1098 4087 1218 4176 potesti
