2894 4820
242 397 292 481 16
580 401 612 496 §.
639 405 676 480 2.
727 405 784 481 De
810 403 982 520 fontibus.

242 611 317 684 hius
338 609 403 678 eibi
422 625 609 698 compsme
631 629 698 673 non
725 617 855 698 posset,
888 605 1061 674 Chisdullo
1087 607 1253 678 oonflderc
1280 631 1334 676 co·

242 723 332 780 uetus
353 721 423 796 est,
458 711 517 800 qni
537 720 661 775 tentum
681 709 706 774 Ι.
732 709 868 777 14-25
889 719 923 776 et
943 710 1123 777 tot-176
1143 709 1334 797 majusculis

241 815 341 904 idque
361 812 416 880 vis
437 811 590 900 religiose
610 834 652 877 ex
679 810 739 876 ilio
767 809 955 900 epogrepiro
983 810 1175 902 descripsit,
1207 811 1334 902 relique

241 916 311 982 suis
337 915 381 997 (si
413 913 476 980 diis
501 913 623 1004 plicet)
654 911 912 980 correctionibus
940 912 1108 1002 inquinate
1138 911 1334 980 minusculis

241 1017 354 1084 edidit.
397 1013 514 1082 Prelio
535 1013 674 1082 certiore
694 1023 772 1079 sunt
790 1011 815 1078 l.
840 1014 1043 1098 176-186,
1063 1035 1147 1102 quse
1169 1012 1333 1080 Seldenns

240 1119 385 1206 majore,
405 1125 442 1182 ut
460 1115 607 1200 videtur,
630 1115 695 1181 iide
715 1139 756 1180 ex
777 1113 835 1180 iiio
860 1116 1045 1206 apographo
1066 1113 1208 1180 tradidit.
1300 1171 1303 1176 .

366 1217 743 1308 Hierapytniornrn
772 1215 889 1282 inedies
918 1241 993 1283 enm
1023 1215 1184 1282 ricrnciris
1219 1215 1333 1282 nescio

240 1343 339 1412 qoem
359 1311 475 1386 locum-
487 1317 679 1386 tenentibus
691 1317 733 1384 G.
751 1317 780 1384 1.
802 1341 855 1385 nr.
871 1319 977 1404 2555,
998 1316 1139 1386 lectione
1160 1315 1331 1408 eliquotiee

239 1422 319 1489 sotis
339 1419 450 1489 dubie.

364 1521 660 1588 Prisnsioeum
681 1534 715 1588 et
735 1521 1114 1614 Hierapytniornm
1140 1519 1257 1590 iocdne
1277 1543 1330 1588 nr.
1363 1543 1371 1560 ·

238 1624 324 1694 2556
345 1623 493 1692 certioris
513 1623 665 1690 iectionis
686 1635 720 1692 et
738 1625 849 1714 megni
869 1625 980 1715 pretii.

365 1724 676 1800 Alleriotsrum
702 1726 745 1792 sd
771 1726 886 1792 Purioe
917 1725 1056 1816 epistole
1082 1749 1135 1792 nr.
1157 1722 1253 1794 2557.
1283 1720 1331 1807 11,

239 1850 323 1918 qnec
345 1827 423 1892 Pori
443 1826 607 1917 inlepide
628 1839 757 1894 exerite
784 1828 887 1894 inisse
914 1829 1064 1914 videtur,
1094 1827 1182 1893 unde
1209 1827 1331 1892 fectum

239 1939 309 2015 est,
330 1938 368 1994 ut
388 1928 474 1992 houd
495 1951 616 2019 ponere
636 1929 921 2018 vulgaresiormoe
935 1929 1145 2022 irrepserint,
1167 1927 1233 1995 rid.
1249 1925 1328 1992 infr.

365 2029 500 2096 Dccreti
534 2031 751 2120 iregmrntum
785 2031 970 2100 Minoae
1003 2031 1256 2122 Cydoniatae-nm
1294 2027 1330 2092 iu

240 2154 318 2222 egro
338 2143 504 2222 repertum
524 2157 576 2198 nr.
598 2133 704 2220 25583
732 2135 940 2224 Aptereci
961 2135 1049 2200 tituli
1068 2157 1120 2200 nr.
1132 2133 1228 2200 2553.
1244 2129 1328 2199 2561

239 2247 272 2299 et
293 2233 527 2323 Gortynius
548 2257 601 2300 nr.
623 2235 729 2320 2566,
750 2235 843 2302 uelde
863 2236 982 2319 laceri,
1005 2235 1092 2300 unde
1106 2233 1190 2296 nihil
1203 2232 1329 2316 dieces3
1412 2253 1418 2266 ·

240 2333 549 2425 Hierapytniee
570 2335 779 2424 genesiogiec
801 2337 1017 2424 fragmentum
1037 2357 1089 2399 nr.
1104 2333 1188 2400 2563
1210 2343 1244 2397 et
1256 2333 1330 2398 bre·

238 2435 310 2501 rior
330 2435 444 2501 titulus
466 2435 612 2522 ejusdem
640 2435 754 2528 oppidi
781 2461 832 2504 nr.
853 2435 958 2524 25673
993 2423 1329 2514 Eleutherneeus

238 2536 368 2605 brevior
387 2561 438 2603 nr.
461 2539 558 2606 2566.

363 2639 504 2736 Dect-ete
526 2639 727 2708 Creticernm
746 2637 876 2706 urbium
898 2639 939 2705 de
960 2637 1050 2728 asylo
1062 2639 1221 2727 chorum
1242 2641 1328 2710 circe

237 2765 267 2807 s.
289 2740 351 2808 166
378 2763 407 2805 ι.
432 2739 512 2806 chr.
541 2739 605 2804 Tei
631 2741 762 2830 posite,
803 2741 912 2808 omnis
937 2741 1015 2828 'l’eji
1045 2741 1204 2832 lepieidrc
1232 2743 1327 2835 culpe
1445 2811 1446 2835 2

237 2841 343 2931 megin
364 2840 512 2908 minusve
530 2840 719 2931 wigeribus
741 2845 855 2911 iornris
870 2867 1018 2934 reperero
1041 2868 1093 2910 nr.
1107 2843 1191 2912 3647
1206 2845 1328 2910 Eleu·
1404 2925 1410 2940 ι
1444 2911 1445 2920 ,

237 2946 556 3029 tbernscmm,
577 2967 629 3009 nr.
650 2944 1056 3031 3⁰t81nroniorum,
1082 2969 1134 3011 nr.
1153 2945 1238 3014 3646
1260 2945 1326 3035 sy-

238 3045 555 3140 }›ritiorutnpnn
579 3045 664 3114 3656
684 3045 907 3112 stiorum
928 3045 1156 3135 (Ominum),
1179 3072 1230 3113 nr.
1242 3048 1324 3114 3651

107 3151 110 3166 ’
237 3145 539 3232 Rheneioruni,
581 3147 742 3217 ιιι.3652
768 3149 972 3216 Arcadum
1001 3149 1229 3233 Cretensium,
1271 3173 1324 3216 nr.

238 3247 332 3316 3653.
355 3249 400 3314 Α.
431 3247 726 3334 (inuisiorem,
763 3273 814 3316 nr.
837 3251 930 3319 3653.
953 3249 994 3316 Β.
1024 3251 1182 3318 incerti
1203 3251 1326 3316 decreti

236 3351 473 3438 strumentum,
505 3373 556 3415 ur.
580 3352 664 3418 3054
690 3351 1067 3442 Polyrrlteniornm
1096 3347 1218 3419 decreti
1240 3354 1325 3442 irup-

236 3463 399 3535 mentum,
428 3475 480 3516 nr.
503 3451 586 3520 3655
610 3453 939 3542 Cydonietsrnm
959 3455 1081 3522 decreti
1101 3453 1251 3539 initium,
1271 3477 1323 3520 nr.

235 3553 320 3621 3656
341 3555 624 3644 Lsppeeornm
652 3555 774 3622 decreti
800 3555 930 3622 initium
957 3567 1086 3648 praeter
1113 3561 1153 3636 τᾷ
1180 3555 1325 3642 rniprris

236 3655 386 3740 dialecti,
408 3679 459 3720 nr.
472 3655 556 3722 3657
576 3655 877 3723 Priensiorum
896 3657 1017 3744 decreti
1037 3657 1166 3724 initium
1180 3657 1325 3744 ejusdem

236 3755 451 3842 conditionis,
482 3781 534 3823 nr.
557 3757 641 3826 3658
660 3758 878 3825 Letiorum
898 3759 1075 3828 decretum.
1105 3797 1147 3816 -
1195 3758 1234 3824 ln
1257 3779 1325 3823 om-

235 3857 333 3924 nibus
354 3858 406 3924 his
428 3859 532 3924 titulis
553 3857 658 3944 Tejo·
671 3861 809 3930 Creticis
830 3861 927 3927 lectio
948 3861 1163 3928 incertissimo
1183 3869 1245 3942 est,
1267 3857 1324 3923 ubi

133 3990 140 4008 ·
188 4007 189 4011 ,
234 3961 305 4026 soie
327 3959 508 4045 Chisirnffi,
529 3961 671 4028 hominis
692 3963 852 4052 pessimae
872 3963 969 4047 fidei,
990 3963 1176 4028 anctoritate
1196 3960 1323 4044 nititur,

236 4085 300 4151 qne
321 4063 362 4130 de
383 4085 479 4128 censs
498 4061 704 4153 potissimum
726 4063 761 4129 in
782 4089 835 4130 nr.
857 4066 952 4132 3651.
976 4064 1078 4148 3652,
1107 4064 1165 4128 ubi
1186 4061 1323 4128 selredus

237 4161 471 4230 Sitererdiensc
502 4188 615 4254 perum
646 4177 794 4232 scenrutc
824 4165 959 4231 colistsc
990 4176 1084 4244 sunt,
1128 4163 1323 4252 circumspe-

235 4263 342 4360 ctione
364 4289 447 4357 opus
466 4277 527 4333 est.
579 4265 677 4350 Quod
697 4277 731 4332 et
751 4266 785 4332 in
807 4265 859 4332 iris
879 4265 1132 4352 Teio-Creticis
1153 4277 1187 4331 et
1206 4265 1241 4332 iu
1261 4265 1322 4332 At-
