2862 4808
331 375 366 469 s.
385 377 446 456 ae.
499 377 558 454 ne
585 375 770 454 severos
790 375 940 454 noso.
1108 340 1223 457 ιιι

88 603 189 648 neum
215 599 256 647 eo
283 587 431 670 tempore
456 587 495 644 nt
518 601 629 646 rarum
649 577 695 644 ita
715 599 837 644 novum
858 579 963 646 fnisse
983 579 1182 669 colligimus.

86 683 174 750 Post
184 679 439 772 Aristophanem
459 685 608 770 poitam,
631 678 691 748 scd
711 689 787 747 autc
802 679 1057 772 Aristophanem
1079 706 1184 774 pann·

86 783 245 852 malleum
267 807 305 848 ov
325 803 387 874 pro
406 807 426 846 v
448 779 550 848 scribi
571 791 723 874 coeptum
743 803 817 848 csse
836 781 1054 850 indicavimus
1076 781 1108 868 d.
1132 783 1183 852 18.

86 885 263 952 Postremo
282 891 305 967 β
324 905 385 974 pro
406 881 566 972 digamma
586 884 750 973 positum,
780 883 870 972 qnod
891 883 1030 952 ltaliotia
1052 895 1084 952 et
1106 885 1185 952 Cre·

88 985 241 1052 tensilrua
269 1005 442 1052 commune
468 995 536 1068 est,
568 994 694 1052 tantm
716 983 810 1050 abest
837 995 874 1050 nt
896 985 937 1052 ad
957 985 1185 1077 antiquissima

88 1099 239 1179 tempora
259 1084 378 1155 reterri
397 1085 524 1176 possit,
547 1094 583 1152 ut
603 1097 679 1175 post
698 1095 842 1154 nostram
864 1085 994 1156 demum
1016 1110 1124 1156 aeram
1144 1111 1185 1154 ex

89 1189 217 1258 inculta
237 1189 379 1256 rusticae
398 1187 508 1276 plebis
528 1185 792 1276 pronuntiatione
809 1198 973 1280 arreptum
989 1211 1063 1256 csse
1075 1189 1185 1258 videa·

89 1303 165 1378 tur,
186 1291 255 1360 vid.
277 1290 311 1374 §-
325 1289 367 1374 9,
389 1289 423 1356 5.
445 1330 487 1344 -
519 1287 706 1378 Intelligis,
728 1287 926 1356 Laconicam
946 1291 1097 1380 linguam
1118 1315 1185 1358 ma·

89 1393 144 1482 gia
171 1391 344 1482 magisque
372 1391 578 1482 depravatam
608 1412 702 1472 case,
732 1400 774 1464 ‚nt
800 1389 837 1456 tit
864 1389 900 1456 in
926 1393 1049 1481 populo
1077 1391 1185 1460 literis

89 1519 207 1586 perum
234 1493 365 1579 dedito3
397 1493 483 1561 nihil
510 1491 598 1561 enim
627 1491 774 1581 linguam
802 1491 907 1581 magis
935 1491 1063 1560 stabilit
1088 1504 1185 1584 atque

90 1596 199 1663 lirmat
218 1619 317 1686 quam
337 1595 505 1664 literarum
534 1593 679 1662 studium
707 1615 767 1682 per
794 1615 907 1660 omncs
935 1593 1051 1684 populi
1075 1606 1184 1684 prrtes

88 1699 213 1766 Ῑιιιιιιιι.

179 1893 353 1980 Quomodo
373 1894 531 1986 explicari
551 1893 676 1988 poerit,
712 1891 801 1984 quod
821 1893 858 1960 in
880 1891 986 1964 titolis
1008 1893 1184 1964 Laconicis

88 2007 166 2089 post
187 2019 309 2064 annum
331 1996 591 2064 ducentesimum
612 2019 642 2064 a.
668 1993 746 2062 cm.
776 1994 908 2086 scriptis
927 1995 1017 2064 omni
1037 1996 1184 2087 proprie·

90 2110 156 2166 tate
177 2099 343 2166 Laconica
364 2098 492 2186 abjecta
512 2097 624 2166 mitior
643 2096 745 2164 Doris
765 2109 901 2186 regnat,
934 2119 1033 2186 snpra
1061 2097 1184 2166 indica·

91 2201 200 2268 vimus
228 2201 261 2284 ἕ.
285 2201 346 2279 48,
368 2201 403 2270 2.
457 2199 508 2266 Ea
535 2210 640 2267 aetntc
660 2197 824 2288 propriam
845 2198 1015 2266 Laconum
1034 2197 1184 2290 lingnam

90 2326 159 2369 non
182 2301 358 2370 extinctam
379 2301 503 2386 luisse,
533 2300 795 2370 luculentissime
817 2297 894 2365 inde
914 2311 1066 2390 apparet,
1096 2301 1184 2392 qnod

90 2403 127 2470 iu
151 2403 257 2472 titulis
280 2403 407 2472 dnobus
430 2405 533 2470 lerme
556 2401 697 2470 s'acenlis
718 2412 794 2492 post
811 2413 953 2468 nostram
974 2423 1081 2468 aeram
1104 2403 1184 2470 scri·
1330 2469 1335 2476 .

90 2505 158 2596 ptis
177 2505 364 2574 Laconicae
390 2505 600 2596 proprietatis
628 2505 680 2587 (ut
703 2529 723 2569 o
742 2525 803 2593 pro
824 2512 869 2582 o,
907 2527 927 2568 o
947 2502 1035 2570 inter
1055 2505 1184 2572 vocales

91 2608 252 2696 ejectum,
273 2615 296 2692 β
316 2629 376 2696 pro
399 2607 576 2698 digamma)
596 2606 756 2696 reliquiae
778 2604 954 2696 quaedam,
983 2604 1019 2672 in
1040 2606 1185 2698 propriis

90 2707 302 2802 potissimum
329 2707 542 2795 nominibus,
577 2717 773 2798 supersuut3
804 2717 970 2795 praeterea
999 2705 1183 2796 grammati·

91 2835 205 2879 corum
228 2811 269 2879 de
289 2811 456 2880 Laconica
484 2811 624 2880 dialecto
643 2819 817 2901 praccepta
838 2819 871 2874 ct
892 2807 1022 2900 glossae
1042 2808 1183 2876 Laconi·

91 2935 150 2980 cac
171 2911 346 2983 maximam
366 2923 491 3004 partem
518 2911 560 2980 ad
579 2911 795 2981 nocentiorem
814 2909 908 2984 illem
928 2919 1063 2978 aetatem
1083 2911 1184 3002 perti·

90 3037 172 3084 neec
199 3012 364 3080 videntur.
418 3013 537 3106 Neque
557 3014 643 3106 apud
664 3011 839 3080 Cretenses
860 3023 893 3078 ct
912 3009 1100 3102 Cyrenaeos
1128 3011 1184 3093 (de

92 3114 235 3186 ltaliotls
260 3137 376 3208 parurn
404 3113 549 3202 constat)
581 3127 657 3188 ante
685 3115 856 3182 ursulam·
871 3123 947 3204 post
967 3123 1110 3178 nostram
1131 3135 1184 3183 ace

90 3243 161 3288 ram
187 3227 336 3286 exactum
358 3216 533 3286 severioris
554 3217 690 3286 Doridis
710 3213 911 3307 proprietas,
943 3224 980 3282 nt
999 3214 1185 3284 terminatio

91 3347 117 3386 ω
138 3319 176 3387 in
196 3317 343 3408 genitivo
364 3319 594 3390 declinationis
615 3318 796 3404 secundae,
820 3315 992 3386 obsolevit.
1015 3352 1057 3366 -
1089 3313 1185 3408 Cete-

91 3446 165 3488 rum
192 3421 317 3488 ibidem
348 3421 494 3490 diximus
521 3421 663 3490 dubitrri
694 3443 811 3512 posse,
830 3484 834 3500 ,
855 3443 897 3488 an
928 3417 1040 3486 mitior
1068 3415 1184 3502 Doris,
1225 3495 1230 3504 .

91 3533 251 3614 quaeest
279 3521 316 3590 in
336 3523 576 3594 recentioribus
605 3522 713 3592 titnlia
732 3519 951 3606 Messenicia,
982 3539 1050 3586 non
1078 3517 1185 3608 magis

92 3625 271 3717 genuinam
289 3624 532 3696 Messeniorum
552 3625 728 3696 dialectum
748 3624 876 3691 rel'erat.

179 3829 214 3910 3)
256 3827 347 3897 Inter
383 3829 565 3898 Dorienses
601 3826 803 3896 ltaliotae
835 3817 1055 3914 potentissimi
1093 3829 1186 3885 erant

94 3929 289 4016 Tarentini,
333 3929 567 4022 Spartanorum
595 3927 725 4012 coloni,
768 3926 827 4018 qni
855 3947 920 3991 uua
945 3943 1020 3988 cum
1047 3919 1185 3986 Thuriis

93 4031 289 4102 llcrrelcam
308 4031 345 4100 in
367 4031 505 4102 Siritide
526 4031 762 4115 condidernut3
797 4023 998 4094 Tarentinos
1019 4031 1127 4090 umen
1151 4021 1187 4088 in

95 4133 224 4202 colonie
245 4135 466 4226 praeualuisse
488 4145 521 4204 et
541 4133 673 4204 aliunde
695 4139 823 4202 constat
850 4139 884 4196 ct
908 4151 927 4194 e
953 4125 1068 4214 lingua
1088 4145 1186 4212 appa·

138 4257 185 4326 ll.
942 4251 985 4320 27
