2888 4818
260 395 337 470 228
636 394 693 466 De
714 392 964 466 declinatione.

262 597 358 664 2448,
380 595 427 678 V,
450 595 528 669 ἱλεός
548 595 751 662 accusativus
771 597 910 684 pluralis
933 593 1023 659 Cret.
1036 591 1119 660 2555
1130 601 1228 671 extr,
1251 611 1354 678 qnan-

262 723 358 788 qnam
379 697 433 762 hic
457 697 628 774 miramur,
652 698 740 788 qood
765 721 830 764 non
850 697 937 771 ἱλάος
957 695 1114 783 scriptum
1135 703 1204 774 cst,
1226 689 1356 754 ἔκπλεων

265 801 395 866 llerccl.
420 799 472 874 lt,
496 800 557 879 32,
593 799 681 863 unde
707 799 933 864 Timocreonti
966 799 1006 862 l'r.
1031 799 1047 862 1
1080 795 1231 868 ὑπόπλεος
1258 791 1354 856 recti·

264 901 385 969 tnimna
408 925 467 991 pro
491 900 659 978 ὑπόπλεως.
716 901 783 966 Pro
804 900 916 966 Attico
937 905 995 973 ἕως
1017 899 1175 964 Doricum
1197 907 1250 960 est
1274 893 1353 970 duic,

263 1004 351 1092 quod
383 1005 509 1068 tertiam
544 1001 794 1068 declinationem
833 1001 989 1092 seqnitur.
1056 997 1228 1083 Quomodo
1264 1000 1354 1072 Κῶς,
1433 1057 1434 1068 ,

265 1105 404 1172 Doricae
433 1105 561 1170 insulae
592 1129 710 1170 nomen
731 1104 816 1192 apnd
838 1104 928 1192 ipsos
951 1101 1132 1168 Dorienses
1154 1101 1275 1166 flexum
1297 1097 1356 1178 sit,

265 1195 331 1271 non
346 1219 489 1296 apparet.
533 1204 648 1296 Neque
670 1217 775 1272 tamen
799 1205 1003 1287 dubitamus,
1026 1204 1106 1294 quin
1129 1213 1160 1266 et
1182 1201 1215 1264 in
1239 1203 1302 1264 hoc
1325 1210 1358 1262 ct
1433 1249 1434 1292 3

267 1306 399 1372 inullis
421 1306 609 1372 nominihus
623 1307 783 1394 propriis,
806 1321 841 1371 nt
856 1306 986 1371 Cretico
1009 1306 1136 1381 Τάλως,
1159 1303 1356 1368 Doriscum

266 1408 401 1473 Atthide
423 1431 488 1473 non
513 1408 749 1498 discrepuerit,
771 1409 814 1473 cl.
838 1408 870 1490 ἓ.
895 1408 954 1488 30,
977 1409 1009 1474 8.

754 1621 786 1703 ς.
811 1621 862 1688 so.

595 1773 656 1822 Dc
673 1772 932 1824 declinatione
948 1773 1024 1823 m.

352 1917 387 2000 1)
431 1917 469 1982 ln
500 1917 687 1984 universnm
716 1942 849 1985 casuum
880 1918 1123 1984 terminationes
1144 1929 1281 2007 excepto
1304 1920 1357 1984 da·

219 2010 223 2017 ’
267 2020 333 2084 tivo
356 2019 475 2110 plurali
497 2043 562 2085 non
586 2019 739 2086 differunt
760 2045 777 2084 a
795 2023 997 2110 vulgaribus.
1042 2019 1270 2088 Nominativns
1291 2021 1357 2085 sin·
1433 2031 1434 2088 ἲ

267 2121 393 2212 gularis
416 2121 450 2186 in
473 2119 585 2210 paneis
608 2121 802 2212 quibusdam
826 2123 986 2213 singulari
1010 2145 1068 2188 usu
1093 2150 1108 2198 ς
1129 2121 1287 2204 assumit,
1323 2135 1358 2186 ut
1433 2107 1434 2138 ³

267 2223 390 2308 μάκαρς
417 2245 478 2311 pro
497 2221 603 2308 μάκαρ
627 2223 736 2288 Alcm.
759 2223 801 2290 64
823 2221 915 2309 (66),
948 2247 1089 2314 quocum
1117 2225 1265 2299 conferas
1294 2231 1357 2288 He
1433 2215 1434 2288 Ῐ

267 2328 377 2408 ριήρς,
398 2323 488 2413 qnod
509 2347 609 2414 qonm
631 2347 691 2411 pro
716 2325 879 2408 Περιήρης
899 2327 985 2415 apud
1004 2328 1194 2392 Alcmanem
1217 2327 1286 2414 legi
1309 2351 1358 2391 rc·

185 2495 189 2504 ,
268 2427 351 2491 ierat
378 2425 586 2490 Herodianus
615 2427 650 2490 in
681 2423 736 2490 Et.
765 2423 812 2489 Μ.
842 2427 925 2510 663,
956 2427 997 2492 55
1028 2432 1160 2504 (nomen
1190 2428 1357 2518 proprium

267 2551 342 2592 ease
369 2525 532 2592 intellexit
553 2525 828 2592 Schneidewirns
858 2526 968 2618 (Ionii.
1000 2529 1096 2594 Critt.
1130 2555 1163 2618 p.
1186 2527 1243 2612 9),
1289 2529 1360 2594 noli

267 2651 412 2718 syncope
434 2627 578 2692 inaudita
600 2641 711 2696 natum
733 2639 865 2718 putare,
890 2631 947 2695 sed
962 2631 1096 2695 eandem
1109 2629 1358 2718 compositionis
1433 2627 1434 2708 1

266 2731 421 2796 rationem
443 2751 604 2816 agnosce,
639 2753 723 2819 qnae
750 2741 800 2795 eat
829 2731 863 2795 in
892 2732 1011 2821 plurali
1040 2734 1171 2817 ἐρίηρες.
1226 2729 1359 2796 Deinde

267 2831 466 2896 nominativo
486 2831 558 2915 χέρς
581 2853 661 2896 nans
683 2841 733 2896 est
755 2829 952 2899 Timocreon
983 2835 1024 2920 ir.
1049 2833 1090 2918 63
1121 2833 1223 2923 vulgo
1249 2845 1357 2898 tanam
1433 2843 1434 2906 t

266 2933 363 2997 etiam
378 2932 559 2998 Dorienses
579 2934 646 3017 χείρ
669 2931 793 2998 dixisse
814 2932 985 3017 videntur,
1007 2935 1095 3024 qnod
1111 2945 1163 3001 est
1177 2933 1261 3023 upnd
1278 2935 1358 3025 Epi·

266 3036 431 3100 charmum
462 3035 505 3099 ir.
531 3033 604 3099 118.
661 3033 848 3099 decedente
879 3036 983 3123 sigma
1010 3064 1027 3098 ν
1055 3035 1176 3102 excidit
1196 3036 1231 3100 in
1256 3035 1359 3120 ἄρσης
1433 3083 1434 3122 ρ

265 3157 326 3225 pro
358 3134 477 3220 ἅρσην,
515 3133 544 3200 si
565 3133 599 3198 id
621 3146 708 3200 recte
728 3135 851 3224 legitur
872 3139 906 3202 in
928 3137 1050 3204 recenti
1072 3138 1168 3203 titolo
1191 3137 1358 3202 Laconico
1433 3189 1434 3210 η

267 3261 318 3301 nr.
343 3237 427 3302 1454
447 3248 480 3301 et
500 3235 535 3299 in
556 3235 618 3316 μης
638 3235 691 3300 vel
713 3239 778 3314 μεΙς
800 3263 859 3326 pro
879 3237 959 3318 μην,
989 3239 1056 3303 vid.
1080 3239 1113 3323 ᾖ.
1136 3239 1191 3306 31.
1220 3277 1261 3288 -
1307 3239 1358 3304 Dc
1433 3221 1434 3274 1

267 3337 398 3404 Cretico
427 3349 459 3402 et
481 3337 608 3426 Argivo
638 3337 742 3410 τιθένς
769 3361 830 3426 pro
859 3343 957 3414 τιθείς
985 3339 1128 3406 diximns
1159 3343 1190 3422 ξ.
1214 3341 1273 3424 14,
1320 3340 1359 3404 dc

266 3443 379 3524 χαρίης
401 3452 433 3506 et
456 3437 620 3505 similibus
644 3437 679 3502 in
702 3437 865 3504 severiore
884 3440 1010 3506 Doride
1038 3443 1071 3524 ξ.
1093 3443 1156 3525 20,
1190 3439 1230 3504 de
1252 3463 1358 3508 eom.
1433 3473 1434 3534 ;

266 3551 321 3629 pta
344 3542 457 3608 ultima
480 3541 514 3604 in
528 3527 628 3617 Aido,
652 3541 760 3623 χαρῖες
781 3565 841 3629 pro
862 3546 1000 3626 χαρίης,
1028 3543 1134 3618 munde
1155 3565 1215 3632 pm
1233 3545 1359 3616 φυκοῡς
1433 3547 1434 3552 “

266 3641 386 3829 ς1212)
431 3743 654 3810 Genitivns
676 3743 1025 3836 plurelisuhiqne‚
1060 3747 1236 3834 ntvnlgo,
1259 3746 1296 3812 in
1318 3769 1359 3808 or

268 3843 347 3908 exit.
399 3843 469 3910 Nec
497 3854 584 3910 recte
607 3841 803 3932 Epicharmo
825 3847 1008 3914 hexameter
1028 3845 1204 3929 trihnitnr,
1236 3847 1270 3910 in
1293 3867 1359 3936 qno

267 3956 319 4009 est
339 3945 520 4027 Σειρηηάων
541 3967 601 4033 pro
622 3944 781 4027 Σειρήνων
797 3947 845 4026 ¹),
881 3971 987 4036 oeque
1008 3949 1197 4038 incorrupta
1219 3971 1292 4014 esae
1312 3945 1358 4012 ri·

305 4178 329 4236 l)
365 4173 474 4228 Scholl.
496 4175 529 4228 B.
552 4175 587 4230 V.
609 4173 694 4234 ttr,
716 4177 737 4227 l.
773 4173 873 4242 ῥοάων·
904 4175 1027 4235 Βοιώτιης
1053 4174 1069 4246 ἦ
1093 4173 1173 4244 φωνή.
1209 4176 1357 4230 ποιοῦσιδὲ

268 4259 311 4310 καὶ
328 4256 384 4314 ἀπὸ
400 4263 452 4312 τῶν
469 4259 503 4329 εἷς
518 4264 555 4321 ἔξ
572 4259 720 4333 nipcrmoiu·
744 4257 878 4331 Ἄρτεμι
896 4261 1064 4334 Κρητάων
1081 4261 1203 4315 πότνια
1216 4259 1356 4322 coiecti-
