2888 4818
70 421 171 514 §.22
205 423 262 496 De
280 419 362 495 aliis
379 421 474 520 long.
493 422 608 495 rocol.
627 433 663 493 et
679 415 885 519 diphthong.
904 431 1031 493 mutat.
1053 449 1059 462 ·
1085 415 1161 496 189

72 639 151 694 mate
172 627 321 718 Lycurgi
342 625 434 694 Plut.
458 627 541 716 Lyn.
574 649 604 690 c.
630 625 703 707 19),
737 626 799 690 boc
820 623 905 713 apud
928 621 1106 688 Pindarum
1128 633 1161 688 et

72 729 280 796 Theocritum
302 739 335 794 et
356 727 488 794 eosdem
510 725 753 818 Pythagoreos,
776 737 814 790 ut
829 724 923 791 Stob.
941 725 1032 791 Flor.
1056 726 1084 809 1,
1103 727 1157 792 75.
1177 730 1181 736 “

72 829 206 914 XLlll,
230 831 312 914 131,
336 829 393 896 ubi
413 830 598 922 promiscue
620 827 744 913 sdp'dorr
755 877 766 906 ‚
790 827 877 916 quod
900 849 1014 893 vereor
1033 851 1075 893 ue
1095 853 1160 894 me·

72 935 151 1000 liore
168 932 245 1019 jure
266 931 425 998 Doricum
451 932 628 1009 habeatur,
649 928 717 996 rid.
741 931 772 1012 ἓ.
799 929 920 1011 13,1,
944 951 1045 1018 quum
1067 933 1161 1014 κρίσι

74 1057 135 1097 οων
156 1057 223 1098 uon
245 1033 425 1124 reperiatur
447 1031 513 1097 nisi
541 1031 576 1097 in
597 1031 746 1098 lontibus
775 1029 1020 1120 minus·puris;
1054 1055 1161 1124 neque

73 1133 158 1200 euin'r
188 1147 276 1200 recte
306 1135 341 1200 iu
369 1135 485 1200 Herm.
517 1133 601 1202 1193
636 1131 784 1200 statuarii
812 1129 1012 1220 Cydoniatae
1040 1159 1158 1201 nomen

73 1243 305 1302 ΚΡΕΣΙΛΑΣ
325 1260 344 1302 a
365 1235 532 1302 Bnecbbio
554 1235 735 1318 ernotdnc
762 1233 883 1299 lectum
911 1244 944 1300 et
968 1257 988 1300 a
1016 1239 1158 1320 κρέσσων

74 1337 250 1403 derivatum
272 1349 343 1422 est,
366 1361 467 1427 quum
489 1359 594 1428 nuper
609 1335 798 1402 bleinclrius
818 1335 853 1400 iu
866 1335 1088 1428 Autbologiae
1106 1339 1160 1406 de·

74 1441 158 1506 lectu
173 1445 413 1504 ΚΡΕΣΙΛΑΣ
428 1438 452 1503 1.
464 1463 493 1505 e.
510 1439 673 1524 Κρησίλας
693 1437 925 1528 corrigendum
946 1461 1020 1504 esse
1039 1440 1160 1532 optime
1306 1425 1311 1436 ⁸

73 1539 282 1607 intellexerit.
338 1538 491 1606 Ceterum
518 1549 651 1630 apparet
675 1539 741 1606 iota
769 1539 805 1604 iu
824 1543 934 1624 pricos
955 1550 989 1607 ct
1010 1543 1162 1628 speleum

74 1651 104 1722 (e
124 1643 236 1726 peylos
258 1651 290 1706 et
309 1645 449 1726 xperior)
475 1639 638 1708 recentius
660 1641 804 1718 additum
827 1665 911 1709 csse.

156 1745 193 1825 7)
236 1742 271 1809 E'
297 1743 459 1809 contrario
487 1743 552 1808 ictu
575 1743 744 1810 vocalibus
764 1753 838 1810 aute
859 1757 1048 1833 sequentem
1069 1769 1162 1814 voca·

74 1847 137 1912 lem
159 1845 328 1928 additum,
359 1855 396 1910 ut
416 1845 654 1935 diphthongum
675 1844 809 1924 efficiet,
843 1844 878 1910 iu
899 1846 992 1912 mord
1014 1847 1093 1938 (quo
1115 1869 1164 1913 se·

77 1952 138 2016 mel
167 1947 333 2016 Pindarus
366 1946 467 2012 utitur
498 1945 554 2013 01.
586 1945 653 2023 111,
682 1946 743 2029 33,
777 1946 835 2038 qui
863 1959 1027 2037 praeterea
1056 1947 1162 2026 ruod),

77 2050 169 2138 χροιά
197 2061 230 2114 et
251 2045 416 2114 similibus
436 2043 650 2118 Do'rieuaium
671 2069 745 2114 esse
766 2047 886 2114 dicitur
905 2074 924 2116 a
945 2045 1106 2139 Gregorio
1120 2047 1163 2135 l),

78 2153 129 2218 cni
149 2175 217 2220 uon
239 2151 377 2218 multum
399 2147 620 2233 crederemus,
650 2149 717 2216 uisi
738 2151 774 2215 in
795 2151 948 2242 Astypal.
969 2153 1054 2220 2183
1077 2149 1167 2220 oroso'r

78 2255 263 2344 legeretur,
294 2275 493 2348 quanquam¹
509 2251 544 2316 iu
566 2249 670 2316 Tbcr.
692 2250 777 2318 2118
804 2263 856 2320 eet
877 2253 965 2319 orori.
1020 2253 1109 2320 llinc
1130 2253 1165 2318 in

78 2358 222 2423 Acbaru.
244 2353 331 2438 757,
364 2353 422 2419 ubi
442 2353 602 2420 librorum
623 2352 796 2420 lectionem
818 2352 1039 2446 κᾶναχνοανθῇ
1059 2355 1167 2423 lllms·

78 2457 171 2546 lepus
200 2457 236 2522 iu
265 2454 493 2544 κᾶναχνωανθῇ
514 2455 668 2538 mutarit,
703 2455 813 2546 potius
835 2455 1067 2547 κάναχνοιανθῇ
1088 2457 1167 2526 scri-

79 2560 232 2630 bendum,
251 2581 326 2624 esse
354 2557 494 2624 ridetur.
550 2556 617 2625 Pro
644 2557 757 2624 Attico
788 2557 863 2624 ilde
890 2559 1037 2651 vulgaris
1066 2561 1169 2627 l'orma

79 2663 163 2727 itote
185 2659 310 2750 ubique
331 2670 382 2726 est
403 2657 437 2724 iu
461 2659 593 2726 lleracl.

162 2763 300 2852 Longae
322 2759 426 2826 vocali
447 2759 513 2827 iota
534 2760 678 2827 additum
706 2771 756 2826 est
784 2761 820 2828 in
847 2767 926 2845 ζῷον
945 2763 1048 2828 Tber.
1070 2763 1189 2838 2118..

79 2865 114 2942 1,
140 2866 199 2947 12,
228 2885 313 2954 quse
334 2861 493 2954 scriptura
514 2863 610 2928 etiam
633 2863 668 2928 iu
689 2861 786 2929 bonis
807 2863 978 2930 codicibus
996 2863 1169 2952 reperitur,

79 2965 144 3031 rid.
167 2965 259 3030 Bast.
285 2963 393 3054 Epist.
416 2987 449 3052 p.
473 2965 535 3047 82,
566 2963 699 3031 Jacobs.
724 2963 765 3029 sd
785 2966 889 3031 Autb.
912 2967 985 3032 Pal.
1008 2965 1058 3032 1ss
1080 2991 1113 3056 p.
1134 2967 1167 3033 8.

78 3067 200 3134 unm
234 3079 284 3132 eo
317 3065 427 3150 ἦρ)...
458 3065 540 3131 rnre.
574 3067 627 3149 ιι,
658 3065 688 3131 5.
720 3064 774 3132 14.
804 3067 846 3135 27
877 3065 1010 3155 (ἠρῶ...
1037 3067 1091 3150 ιι,
1115 3069 1169 3152 12,
1248 3071 1269 3150 ,·

81 3169 185 3253 ἥρωσι
207 3167 268 3246 lv,
291 3165 346 3253 7),
378 3167 467 3256 quod
497 3191 598 3258 quum
618 3179 669 3233 ter
688 3169 860 3256 repetitum
882 3170 948 3253 sit,
979 3193 1046 3235 uon
1067 3167 1171 3235 audeo

80 3295 153 3336 cum
176 3269 343 3336 Boecbbio
365 3271 580 3360 corruptelam
601 3291 800 3360 agnoscere,
824 3271 866 3336 ct.
888 3295 971 3362 quae
993 3271 1171 3362 disputabi-

82 3397 152 3438 mus
174 3371 208 3455 ἓ.
230 3373 285 3438 31.
316 3407 356 3418 -
400 3372 489 3439 Ante
517 3393 692 3437 consonam
722 3371 788 3438 iotr
815 3371 962 3438 additum
982 3385 1033 3439 est
1053 3373 1087 3438 iu
1111 3397 1173 3457 σῳ-

81 3475 194 3556 ζόμενα
217 3471 299 3540 ibid.
324 3473 359 3556 1,
382 3473 425 3556 8,
449 3471 660 3555 κατνσῴξαμες
683 3473 812 3539 lleracl.
836 3473 887 3551 ll,
912 3473 972 3557 30,
995 3475 1174 3557 sueconicu-

81 3601 135 3656 μες
158 3577 197 3646 Β.
219 3573 274 3641 17.
299 3573 335 3655 l,
357 3573 377 3639 3
399 3575 500 3654 (unde
521 3575 722 3642 correximus
746 3579 850 3640 coium
870 3573 989 3666 Sopbr.
1013 3578 1086 3656 27),
1118 3577 1172 3642 de·

82 3677 160 3743 inde
189 3675 284 3768 apud·
305 3675 455 3742 Lacones
484 3675 663 3754 ἀπέπνιξεν,
698 3675 841 3742 ἀπέσωσε
866 3678 1044 3744 secuudum
1068 3677 1173 3768 llesp·

81 3779 212 3864 cbinnr,
234 3779 411 3854 Σονξντέλης
431 3775 466 3841 iu
488 3775 673 3846 recentibus
693 3778 798 3846 titulis
813 3777 989 3845 Laconicis
1010 3803 1058 3844 nr.
1078 3781 1171 3847 1271.

116 3967 145 4024 7)
183 3963 232 4018 Gr.
250 3962 282 4016 0.
299 3962 361 4016 230.
394 3959 426 4012 rd
450 3953 615 4010 tumtntm
635 3951 668 4020 ed
687 3955 704 4006 'i
726 3958 764 4023 τῇ
786 3959 803 4009 ὅ
823 3959 875 4008 rs·
895 3955 1015 4028 Amprius
1038 3953 1092 4008 luel
1112 3973 1172 4012 cun

82 4049 223 4118 exemplis
242 4047 321 4102 mu
340 4064 356 4102 e
373 4045 513 4112 Pindaro,
537 4040 632 4112 χροιά,
656 4039 731 4106 wad,
756 4039 830 4112 duod,
855 4040 935 4102 πννά,
959 4041 995 4095 cl.
1013 4039 1119 4096 Senon.
1138 4043 1172 4098 11.

82 4155 112 4200 r,
130 4136 186 4189 ²³6
208 4147 237 4190 et
253 4133 299 4188 Et
319 4133 444 4200 11289,
466 4133 512 4197 16,
539 4129 588 4196 qui
606 4123 667 4182 died
686 4127 820 4182 Doricum
839 4126 1033 4210 praedicentes
1050 4127 1172 4184 addunt:

82 4218 178 4292 niydp
196 4221 300 4292 Δωριεῖς
323 4216 372 4290 τὴν
394 4217 421 4271 ir
443 4223 498 4278 unic
521 4213 636 4288 ῥήμασιν
653 4211 795 4282 ὀνώγίον
817 4213 988 4277 φυλάττοντες
1012 4214 1053 4265 aul
1078 4213 1104 4266 le
1120 4220 1174 4276 τοῖς

81 4303 191 4368 Munus
207 4303 376 4364 claudinum
393 4302 424 4359 τὸ
437 4305 462 4358 ἶ.
