3342 4822
481 419 513 510 §.
536 419 595 497 30.
647 420 703 494 De
726 416 966 492 declinatione
991 415 1053 490 lll.
1243 415 1319 493 235
1436 447 1438 450 ·

662 620 873 690 Pluralia.

221 729 318 798 Nona.
343 729 450 814 γένεα,
472 751 538 796 reo.
561 728 635 811 γε’νη
791 723 956 808 συγγενέες,
976 745 1043 788 ree.
1062 723 1213 806 συγγενεῖς
1227 723 1317 804 (συγ-

816 825 913 910 γενές)
968 847 1002 892 n.
1040 823 1204 908 συγγενέα,
1247 845 1313 888 ree.

821 929 949 1010 υννυο·

124 1027 125 1034 ¹
224 1035 310 1101 Gen.
348 1034 474 1118 γονέων,
504 1029 613 1098 Rhod.
643 1029 745 1098 Tlaer.
793 1029 976 1113 συγγενέσιν,
1000 1025 1312 1095 litoralitorae.

372 1145 435 1202 ete.
460 1139 556 1217 γενῶν
825 1135 974 1215 συγγενῶν

221 1235 298 1304 Dat.
343 1238 499 1321 γενεέσσι,
522 1236 622 1322 γένεσι
791 1233 1001 1318 συγγενέεσσι,
1026 1231 1182 1316 συγγενέσι

168 1325 175 1342 ’
221 1341 304 1407 Aee.
342 1340 449 1423 γένεα,
473 1359 540 1403 ree.
564 1337 634 1422 γένη
794 1335 975 1419 συγγενέας,
1003 1355 1070 1400 reo.
1095 1333 1246 1416 συγγενεῖς

123 1421 130 1436 ’
818 1459 853 1502 n.
879 1436 1039 1520 συγγενέα,
1080 1459 1147 1502 ree.
1173 1437 1311 1517 συγγενῆ.

220 1557 335 1625 Dativi
364 1557 504 1648 pluralia
532 1555 716 1647 exemplum
744 1554 779 1620 in
809 1554 997 1645 purioribus
1027 1553 1173 1620 lontibus
1202 1554 1313 1644 legere

219 1685 286 1727 non
309 1659 539 1744 meminimna3
582 1659 694 1748 itaque
724 1658 903 1724 aeenndnm
932 1657 1113 1747 analogiam
1145 1655 1313 1722 linximna.

218 1761 390 1852 Longiore
411 1763 514 1827 forma
534 1759 670 1844 γενεέσοο
691 1759 895 1850 antiquiores
915 1756 1022 1825 llorea
1047 1781 1125 1824 naor
1146 1772 1312 1847 putamur.

219 1905 262 1918 -
305 1861 381 1930 Non
403 1861 526 1930 Dorica
556 1873 633 1927 aunt
656 1843 869 1944 heteroclita‚
904 1883 988 1950 quae
1010 1860 1045 1924 in
1067 1860 1253 1926 recentibus
1275 1860 1314 1924 ti·

219 1967 301 2033 talia
322 1967 499 2054 leguntnra
518 1963 712 2049 ,Θηραμένου
733 1963 768 2028 in
791 1961 1034 2052 Pholegandrio
1056 1960 1169 2028 Roaaii
1191 1983 1241 2052 nr.
1258 1962 1313 2044 29,

222 2068 425 2152 Φερεκράτου
446 2065 578 2156 Anapla.
601 2089 652 2130 nr.
677 2065 699 2132 7
720 2063 763 2130 ll.
796 2063 1010 2149 (Ἐγενροέτου
1030 2063 1066 2128 in
1091 2063 1192 2130 Ther.
1215 2063 1312 2132 2448.

218 2171 288 2250 lll,
312 2170 375 2253 21,
408 2171 497 2258 qnod
520 2177 634 2234 eontra
655 2165 763 2257 ipaiua
784 2167 874 2234 titnli
895 2165 1165 2232 consuetudinem
1186 2178 1311 2256 peceat,

217 2271 421 2364 corruptelae
452 2277 640 2358 anspeetnm
669 2271 750 2352 σοί),
783 2267 902 2336 deinde
933 2267 1159 2352 Ἀριστομένην
1179 2267 1310 2358 Anapl.

216 2373 326 2453 2478,
370 2373 571 2457 Στρατονλῆν
598 2371 719 2460 Ασίῃ).
749 2369 852 2454 2488,
895 2369 1061 2452 Διομήδην
1090 2369 1125 2434 in
1154 2393 1313 2436 marmore

217 2475 421 2547 Farneaiano
436 2465 708 2558 ete.,'roeativna
723 2471 878 2556 Σωκράτη
900 2483 932 2538 et
954 2471 1075 2538 similia
1092 2471 1210 2562 Argiv.
1229 2469 1313 2539 1148

218 2601 313 2668 seqq.
359 2575 531 2643 Contraria
551 2573 678 2640 ratione
700 2585 836 2663 peceant
851 2576 1053 2649 Βασιλεέδευς
1072 2573 1108 2638 in
1128 2573 1226 2640 titulo
1241 2571 1312 2640 Coo

121 2671 122 2724 l
217 2703 269 2745 nr.
294 2677 380 2746 2513
402 2689 434 2743 el
455 2675 586 2743 Rhodio
606 2675 712 2759 2546,
734 2675 910 2758 Σαμιέιέευς
930 2675 1039 2742 llllotl.
1064 2675 1161 2754 2534,
1185 2685 1218 2741 el
1238 2673 1311 2764 ipat

215 2779 361 2846 recentia
387 2789 485 2870 atque
512 2778 553 2844 ab
574 2776 737 2862 Ionibus,
781 2779 811 2845 ai
840 2777 922 2869 qnid
949 2777 1097 2844 videmur
1110 2823 1121 2861 ‚
1164 2789 1309 2868 accepta.

121 2939 123 2964 ,
214 2881 300 2948 Nam
322 2879 481 2948 Doricum
504 2879 694 2954 Βασιλεέδας
721 2877 808 2944 hand
837 2879 934 2946 laoile
955 2877 997 2945 ad
1017 2879 1145 2946 tertiana
1167 2879 1310 2946 ‹leelina-

121 3029 122 3060 i
213 2983 339 3051 tionem
361 2983 470 3049 delabi
490 2991 627 3071 poterat.

299 3083 410 3150 Voeea
432 3107 505 3149 eom
529 3085 617 3160 κλέος
638 3082 836 3176 eompoaitae
856 3081 981 3173 nlaiqne
1000 3107 1013 3147 ε
1031 3082 1188 3170 ejieinnt=
1211 3081 1307 3150 Nona.
1402 3137 1409 3152 .

211 3187 380 3271 Ἡρακλεῖς
402 3183 521 3276 Sophr.
543 3179 596 3252 27.
621 3185 684 3253 100
704 3197 767 3252 ele.
797 3223 839 3237 -
883 3184 967 3253 Gen.
993 3185 1193 3262 Ἱπποκλέα,
1226 3191 1309 3251 Διο-

214 3289 307 3363 κλεός
331 3297 393 3354 ete.
422 3284 457 3352 in
488 3286 625 3375 Tegeat.
647 3285 814 3378 Megalop.
838 3285 1010 3352 llernaion.
1033 3285 1159 3374 Megar.
1182 3286 1306 3353 Λυσι-ιι.

213 3389 351 3477 corcyr.
377 3387 466 3454 Cret.
489 3388 611 3480 Agrig.
636 3387 710 3455 Gel.
734 3389 837 3474 Aen,
871 3399 904 3454 et
932 3399 1096 3455 eontraete
1117 3393 1307 3473 Σασνκλεῦς,

215 3493 398 3577 Χαρικλεῦς
420 3489 455 3556 in
476 3489 581 3556 titnlia
602 3489 763 3575 lllaotliia,
786 3489 964 3580 Cyrenaeia
979 3501 1041 3557 ete.
1065 3490 1132 3556 vio.
1149 3490 1250 3576 828,
1266 3490 1307 3577 33

213 3615 381 3682 nunqnam
402 3595 585 3668 Σασικλοῦς
604 3593 658 3659 vel
681 3592 802 3660 similia
823 3594 989 3682 leguntur.
1039 3593 1204 3659 Pindarna
1226 3593 1308 3660 adeo

212 3693 304 3768 κλεές
325 3691 410 3758 dixit
429 3715 489 3782 pro
511 3687 615 3770 κλέεος
637 3695 814 3761 aeenntlnna
837 3693 963 3762 Seholl.
984 3693 1080 3761 Nem.
1106 3694 1152 3777 ll,
1170 3689 1224 3778 77,
1248 3692 1305 3760 Et.

212 3795 262 3862 ll.
288 3795 363 3878 517,
385 3793 448 3876 25,
470 3793 525 3861 Et.
552 3793 594 3860 G.
616 3795 692 3880 326,
715 3797 747 3862 3.
771 3835 811 3848 -
855 3795 932 3862 Dat.
954 3797 1130 3874 Φαινοκλεῒ,
1158 3797 1310 3876 θαμικλεῖ

214 3895 353 3985 Corcyr.
378 3895 462 3964 1840
482 3905 569 3977 ete,
607 3895 689 3962 Aee.
712 3899 872 3964 Μενεκλέα
894 3895 984 3964 Cret.
1008 3897 1103 3965 ³⁰52.
1156 3895 1306 3962 vocativi

215 3995 398 4090 exemplum
421 3996 455 4061 in
477 3997 668 4087 purioribus
688 3999 836 4065 lontibna
857 4023 923 4064 non
951 3999 1136 4088 reperitnr3
1172 3997 1230 4063 aed
1257 3995 1305 4064 vi·

214 4097 308 4164 detur
322 4100 485 4178 Ἤρακλις
506 4097 666 4166 Doricum
688 4121 773 4166 esse.
803 4137 844 4149 -
889 4099 1025 4166 Plenior
1045 4101 1149 4166 forma
1172 4098 1206 4190 in
1228 4098 1304 4164 titu-

213 4198 257 4264 lia
276 4199 464 4268 raeentilana
492 4199 640 4288 volgaria
668 4201 764 4292 linga
832 4214 903 4285 eat,
934 4211 972 4266 nt
992 4200 1092 4268 Ther.
1115 4199 1200 4267 2557
1220 4199 1304 4268 Ἰσο-

214 4301 339 4386 manc,
372 4301 458 4370 2473
486 4301 695 4379 Σωσικλέους.
751 4301 780 4369 Β
830 4304 1034 4370 inoereonte
1060 4302 1303 4384 Θεμιστοκλέους
