2920 4812
104 349 188 447 92⁴¹
237 387 311 466 168
619 392 677 464 De
698 389 897 464 vocalibus.

236 594 305 664 Gr..
319 595 371 660 111
391 617 426 684 p.
449 595 534 680 ³143
565 594 693 662 aceedit
718 599 851 678 neruo,
885 619 951 686 qua
972 595 1076 662 {urna
1096 593 1256 685 mptum
1281 589 1337 659 si·

234 696 358 788 pinias
386 695 473 786 apud
494 697 618 798 Athy.
640 697 749 781 vm,
770 695 887 762 me
914 697 1036 782 utitur,
1070 695 1233 788 pedestris
1260 717 1337 760 ura·

234 799 337 865 tionis
358 811 392 865 et
410 799 558 889 vulgaris
578 797 711 864 dialecti
741 797 882 888 scriptur
901 811 935 864 et
953 799 1092 864 fortasse
1113 797 1338 888 Epichma

235 899 276 966 ir.
292 901 347 966 ³2.
393 898 524 984 Quibus
542 900 698 966 omuibus
718 900 912 990 comparatis
934 895 984 966 sie
1005 901 1101 966 aubis
1123 897 1339 966 shtueudn

234 1001 393 1079 vidctnr‚'
423 1001 594 1090 antiquum
623 1001 721 1068 istius
741 1001 893 1068 animalis
911 1025 1030 1068 nomeu
1051 1025 1126 1068 esse
1145 1003 1257 1084 πῦλυψ
1283 997 1339 1066 vel

234 1103 379 1178 uaitvaoc
401 1103 514 1169 neseio
535 1101 625 1170 unde
646 1101 840 1186 ded-etun,
872 1103 981 1194 quod,
1013 1115 1184 1194 postqua-
1211 1100 1255 1166 ad
1278 1123 1339 1190 pe·

234 1201 312 1270 dnm
334 1203 578 1270 multitudinem
599 1204 716 1270 referri
736 1217 887 1296 coeptum
908 1216 1015 1288 essm,
1047 1203 1084 1268 ia
1113 1203 1274 1278 πούλυποι·
1305 1213 1340 1268 et

232 1305 410 1381 πουλύπους
423 1317 602 1390 mutatum,
624 1317 791 1396 postremo
812 1307 993 1373 soeundum
1012 1309 1092 1380 ποῦς
1103 1305 1223 1374 lnam
1240 1325 1338 1388 esse,

232 1405 277 1472 ita
300 1417 406 1474 tamea
428 1419 467 1472 nt
486 1407 521 1471 in
545 1407 695 1497 populari
716 1407 830 1496 lingua
858 1409 910 1475 rel
932 1407 1145 1474 Durieuaiun
1166 1407 1219 1472 vel
1240 1407 1338 1472 Aeo·

200 1507 375 1594 §lensium
398 1508 751 1594 (Auen.v11,3tt,
774 1508 809 1586 6)
830 1511 1020 1576 vellonam
1041 1509 1093 1574 rel
1113 1507 1253 1573 aliorum
1276 1531 1338 1574 au·
1458 1526 1459 1561 t

231 1607 343 1699 tiquae
365 1611 488 1676 forrare
508 1620 717 1696 tenerentur,
739 1633 905 1701 uunquam
926 1612 962 1677 ia
984 1608 1127 1700 genuina
1144 1608 1338 1676 Graecitate

231 1709 337 1800 prima
358 1711 482 1800 syllaba
504 1711 733 1802 corriperetur.
756 1754 798 1767 -
839 1712 1033 1779 Non·aliter
1054 1711 1163 1793 aovpic
1182 1733 1244 1800 pro
1267 1737 1339 1776 κυ-

231 1814 283 1894 pte
304 1811 355 1898 Ν)
377 1815 536 1902 seriptum
557 1837 633 1880 esse
653 1812 802 1898 videtur,
832 1815 909 1904 quia
930 1837 993 1880 vna
1015 1837 1034 1880 a
1057 1815 1171 1896 κοῦρος
1190 1811 1336 1878 descen·

230 1913 308 1980 derc
329 1915 514 2003 putabatur.

318 2017 372 2096 12)
414 2015 489 2084 Jam
510 2017 550 2084 ad
574 2042 612 2086 ea
635 2017 839 2098 redeundum
860 2027 932 2102 eat,
955 2039 1040 2107 quae
1058 2015 1181 2081 certius
1201 2013 1337 2082 Dorice

229 2139 289 2204 per
309 2145 329 2196 η
351 2131 384 2184 et
406 2145 430 2182 ω
454 2143 515 2210 pro
534 2119 657 2188 ionicis
680 2132 714 2186 et
734 2117 924 2205 vulgaribus
945 2141 974 2182 sa
993 2127 1027 2182 et
1047 2142 1084 2182 nv
1103 2116 1334 2207 proteruntur.

230 2217 315 2286 Nam
338 2231 493 2310 utsupra
515 2220 710 2304 docuimus,
742 2243 826 2308 quae
855 2219 923 2285 siut
948 2241 1007 2302 ea,
1039 2218 1159 2308 quibas
1180 2219 1338 2286 severior

229 2317 332 2385 Doris
354 2320 418 2388 isto
440 2321 475 2386 in
504 2345 625 2410 genere
653 2348 673 2388 a
699 2321 826 2408 vulgari
852 2320 978 2388 ratione
1006 2319 1151 2396 differat,
1184 2317 1230 2384 ita
1253 2318 1336 2404 jam

230 2419 518 2488 demonstrandum
550 2433 622 2506 est,
654 2421 818 2488 nidore-
845 2418 1005 2486 Boridsm
1032 2421 1071 2486 in
1104 2420 1221 2486 iisdem
1250 2443 1336 2488 cum

230 2513 308 2588 lade
329 2535 363 2590 et
383 2523 521 2590 Atthide
542 2523 732 2614 conspirare
754 2545 815 2588 uec
836 2545 955 2612 posse,
991 2545 1076 2612 quae
1102 2520 1268 2608 ejusmodi
1294 2523 1334 2590 iu

227 2621 366 2692 Doridis
398 2625 545 2692 fontibus
576 2627 783 2716 reperiuntur
797 2665 815 2702 ,-
852 2623 893 2688 ad
929 2623 1088 2689 librorum
1121 2621 1238 2691 vitium
1272 2626 1336 2692 vel

227 2723 335 2814 ipsius
355 2725 487 2796 dialecti
509 2727 751 2816 corruptionem
772 2727 946 2815 ingruente
960 2725 1096 2804 Atthide
1118 2726 1235 2790 iactam
1249 2748 1334 2792 euna

228 2825 295 2892 ulla
318 2827 386 2894 veri
410 2828 520 2918 specie
540 2829 668 2896 referri.

315 2928 516 2996 Gravissima
543 2931 580 2996 iu
608 2931 690 2996 hanc
719 2951 790 2997 rem
818 2927 883 3022 dnn
904 2927 1090 2994 testimonia
1111 2937 1188 2992 sunt
1209 2927 1332 3016 exqui-

230 3028 310 3096 sitae
333 3029 518 3108 doctrinae,
548 3031 640 3097 Anu.
665 3031 753 3098 (ixx.
776 3031 817 3114 1,
841 3031 922 3112 171,
946 3029 987 3098 19
1009 3040 1042 3092 et
1061 3028 1145 3112 278,
1168 3029 1209 3094 17
1236 3025 1330 3112 (vid.

230 3141 298 3196 not.
318 3133 340 3198 2
361 3145 394 3200 et
414 3137 446 3215 §-
467 3131 508 3198 14
529 3143 596 3197 not.
613 3131 659 3218 4).
702 3132 854 3198 Alterum
876 3130 990 3213 docet,
1011 3121 1149 3212 Αωρὶεῑς
1168 3127 1241 3204 τούς
1262 3156 1357 3195 πα..

112 3237 117 3250 ’
229 3234 407 3316 λαιοτὲρους
432 3232 555 3299 dixisse
578 3234 641 3314 εἷς,
664 3233 886 3300 Rhinthoncm
909 3230 966 3310 ἦς,
989 3229 1046 3296 ubi
1066 3229 1136 3295 nuli
1159 3227 1330 3316 dubitare,

227 3334 307 3424 quin
330 3333 546 3425 Epicharmus
568 3335 777 3424 potissimum
806 3337 839 3400 'et
860 3331 1010 3422 Sophron
1040 3330 1232 3420 antiquioris
1253 3331 1330 3400 Do·

104 3477 109 3484 ·
225 3435 479 3524 ridisancturcs
499 3435 708 3525 intelligendi
730 3435 813 3520 sint3
848 3435 984 3500 alterum
1006 3431 1160 3522 patefacit
1182 3429 1330 3519 Syracu·

227 3561 324 3604 sanos
346 3561 420 3602 cum
441 3536 579 3603 louibns
608 3549 641 3604 et
661 3535 783 3602 Atticis
811 3541 914 3618 μοῦσα
943 3533 1084 3616 dixisse,
1117 3557 1196 3597 anmv
1215 3536 1326 3616 poian.

226 3637 343 3728 Neque
374 3636 484 3704 mirari
513 3637 611 3720 licet,
646 3639 733 3728 qnod
765 3638 863 3728 plura·
889 3635 929 3703 dc
957 3637 1020 3701 hoc
1041 3633 1177 3700 Doridis
1198 3657 1329 3724 genere

226 3738 416 3806 testimonia
434 3763 502 3806 nou
525 3751 647 3806 extant.
693 3739 829 3806 Scilicet
849 3735 1048 3826 grammatici
1071 3759 1107 3800 ea
1130 3759 1245 3826 parum
1266 3761 1328 3803 cu·

224 3840 361 3922 rabant,
394 3864 572 3931 quaecum
595 3841 724 3932 vulgari
744 3839 858 3929 lingna
880 3863 947 3905 uon
969 3838 1201 3927 discreparent.
1255 3835 1328 3905 Sed

224 3942 338 4008 titulos
367 3953 399 4008 ct
428 3942 604 4032 scriptores
634 3941 762 4033 ingenti
792 3939 956 4008 douseusu
985 3949 1132 4005 nostrum
1156 3939 1326 4026 judicium

223 4043 436 4128 confirmare,
457 4045 662 4136 singulorum
680 4041 984 4135 perlustratiosatis
1000 4061 1162 4130 superque
1175 4039 1323 4108 docebit.

306 4145 369 4210 Ad
398 4170 455 4216 ur.
485 4147 525 4212 22
561 4145 604 4221 εἷς
637 4147 760 4236 legitur
788 4145 907 4233 Epich.
930 4143 984 4210 79.
1010 4141 1070 4207 134
1098 4150 1131 4204 et
1159 4139 1194 4204 in
1222 4141 1325 4210 tituto

224 4246 518 4328 Tauromenitano,
543 4243 650 4324 οὐθείς
671 4245 780 4314 Rhod.
803 4245 904 4328 29⁰5,
927 4246 1039 4326 μηθείς
1059 4241 1160 4307 Ther.
1180 4241 1266 4309 2118
1288 4253 1325 4309 et
