2890 4816
213 331 247 424 §.
263 329 326 408 36.
362 335 420 406 De
443 333 709 434 conjugationis
729 334 870 408 ratione
885 337 1085 410 communi.
1130 329 1205 414 29³

195 535 272 604 Nou
293 537 403 603 minus
424 539 460 602 iu
482 537 701 629 scriptoribus
725 563 803 629 purc
818 541 944 608 Doride
967 544 1035 610 usis
1049 545 1205 636 pleraque

102 649 199 706 reete
230 664 249 705 a
275 639 421 716 librariis
442 641 565 708 tradita
598 655 692 708 suuts
737 641 855 732 Epieh.
881 645 901 710 5
931 644 1130 732 γινώσκοιτι,
1163 648 1205 714 25
1299 714 1309 732 x

102 739 319 824 λαμβάνοντι,
344 742 384 809 19
409 723 513 848 ’'‘lm'
544 741 587 808 26
609 745 729 826 ἴσαντι,
759 768 859 834 quum
880 747 1072 836 corrigendo
1095 761 1205 815 essent
1295 735 1321 826 ts.

102 842 286 926 εὑρήσουσι
305 845 368 927 92,
390 849 546 910 πωλοῦσιν
568 844 651 928 1203
675 843 793 934 Sophr.
812 847 855 910 44
936 851 1065 927 λίζοιπι,
1091 849 1141 917 52.
1161 851 1203 918 54

101 948 190 1024 e'nl,
215 945 269 1012 33.
284 947 328 1012 44
350 949 459 1028 φαντΙ,
485 945 523 1012 51
547 945 726 1032 κεχάναντι,
749 947 791 1012 75
813 855 1036 1032 ἕκιιϊαντι,
1060 953 1118 1017 sed
1133 960 1230 1017 eor-⁸

98 1057 205 1136 rupta
235 1047 427 1124 ιυπτάζσυσι
447 1047 510 1130 43,
544 1051 606 1113 rlol
628 1048 709 1132 1003
752 1050 838 1138 apud
869 1051 1098 1118 Archimedem
1129 1053 1203 1120 raro

99 1149 261 1234 vulgares
276 1149 400 1216 formae
415 1149 547 1216 Dorieis
569 1149 776 1216 intermixtae
798 1163 891 1229 suut,
914 1165 951 1218 ut
969 1153 1203 1240 ἄποδοδιίχασιι

100 1251 145 1318 tle
173 1249 299 1333 Quadr.
323 1276 357 1348 p.
376 1252 435 1336 18,
460 1250 723 1318 ἀντιπεπόνθασιν
744 1252 784 1318 de
807 1253 948 1320 Conciti.
971 1280 1004 1345 p.
1027 1255 1102 1322 260.
1136 1255 1202 1322 De·

99 1353 211 1444 nique
240 1353 332 1419 nulla
358 1354 392 1418 in
422 1377 459 1419 rc
492 1377 604 1420 omues
629 1352 764 1420 Doridis
798 1355 928 1440 tontes,
973 1355 1030 1447 qui
1060 1357 1203 1446 uliquum'

99 1455 206 1522 lidem
227 1467 413 1539 merentur,
436 1456 554 1522 melius
575 1455 764 1530 concinunt.
810 1456 976 1540 Quamdiu
993 1458 1113 1524 Dorica
1136 1460 1201 1526 dia-

97 1558 132 1624 le
198 1581 238 1640 s,
272 1581 356 1648 quae
385 1555 517 1650 quidem
544 1581 583 1623 co
612 1557 744 1624 nominc
772 1556 884 1648 sliquo
909 1558 986 1644 jure
1008 1561 1200 1650 appellatur,

97 1684 119 1726 v
209 1667 261 1740 cl,
283 1660 362 1725 luce
384 1659 569 1727 terminatio
592 1658 627 1724 iu
649 1659 817 1748 vulgarem
840 1683 907 1725 non
921 1660 1013 1726 abiit.
1049 1661 1201 1728 Ceterum

95 1785 173 1828 uon
196 1759 305 1828 miuus
327 1785 424 1852 quam
446 1761 594 1850 vulgsris
619 1760 770 1826 elisiouis
800 1760 928 1849 peticus
959 1773 1046 1845 erat,
1081 1775 1117 1828 ut
1145 1789 1202 1828 ιια-

95 1861 215 1928 lr'ovtt'
238 1845 355 1927 et'tvf
381 1862 498 1952 Epiclr.
521 1863 582 1939 23,
612 1885 719 1952 neque
740 1861 938 1928 Theocritus
961 1861 1112 1930 elisiouis
1135 1855 1201 1932 evi·

96 1963 224 2032 tandm
245 1965 354 2054 legem
376 1965 458 2048 (vid.
481 1963 625 2032 Mciuels.
649 1988 683 2054 p.
707 1961 770 2037 Vl)
798 1963 840 2028 uls
862 1963 946 2052 ipsis
968 1961 1102 2030 Derieis
1124 1973 1201 2056 poli·

96 2067 144 2133 tis
169 2067 310 2154 accepit.
356 2075 392 2131 N
411 2067 513 2150 ἐφελιι.
538 2089 703 2154 uunquam
726 2064 921 2148 assumitur,
944 2065 988 2130 cl.
1011 2069 1044 2148 §.
1069 2065 1121 2150 10,
1148 2069 1199 2152 12,

96 2179 333 2260 praeterquam
355 2168 390 2233 iu
413 2167 474 2232 ivel
494 2167 580 2256 upud
601 2165 982 2256 Pseudo-Pythagoreos
1004 2167 1070 2234 vid.
1095 2169 1126 2251 ξ.
1145 2167 1197 2236 40.

189 2267 278 2334 Mira
310 2268 467 2360 qucedam
496 2268 573 2354 ejus
603 2268 841 2337 terminationis
872 2269 1008 2341 mutatio
1036 2269 1071 2332 in
1099 2269 1203 2335 Eleu-v

96 2377 334 2440 theruaeorum
357 2369 565 2437 Cretensium
587 2367 717 2436 decreto
744 2369 963 2459 conspicitur3
1006 2395 1080 2436 uam
1109 2369 1199 2436 ἁπι-

98 2474 354 2548 στάλιιαιτις
374 2475 399 2540 Ι.
421 2473 443 2537 4
463 2496 523 2562 pro
547 2470 759 2537 ἀπεστάλκασι
787 2482 820 2538 et
842 2469 1090 2555 διιξάγοιτες
1111 2475 1134 2540 l
1158 2473 1200 2540 24

59 2627 65 2656 ,
94 2602 163 2668 pro
186 2575 385 2658 διεξάγουσι,
428 2599 529 2664 quum
560 2597 596 2639 se
626 2573 767 2639 invicem
788 2573 874 2638 tueri
897 2571 1088 2656 videcutur,
1133 2597 1199 2642 nou

95 2679 212 2746 audeo
236 2699 309 2741 cum
331 2676 499 2742 Boeclhio
525 2676 560 2740 iu
590 2674 784 2740 ἀπεόιολιοι
812 2687 844 2741 et
867 2673 1033 2759 διιξάγονιι
1061 2688 1198 2740 mutare.

94 2780 226 2871 Neque
248 2778 282 2843 iu
306 2777 436 2844 Cretica
465 2777 538 2864 ejus
566 2776 680 2842 aetatis
711 2777 850 2843 dialecto
874 2777 994 2842 lormus
1017 2775 1201 2862 singulares

95 2895 131 2949 et
155 2879 399 2948 semibarbaras
421 2880 521 2945 nimis
543 2877 577 2944 iu
599 2877 822 2968 suspicionem
838 2901 954 2944 vocure
969 2877 1135 2944 debemus.
1158 2917 1200 2928 -

95 2981 318 3074 Hesychiaus
340 2982 450 3070 glossa
473 2979 572 3065 ἔχοιι,
596 2979 718 3066 ἔχουσι·
744 2985 866 3062 Κρῆτες
887 2981 942 3044 vix
965 3003 1042 3044 sans
1059 2990 1121 3062 est,
1145 3003 1200 3045 ne·

96 3109 168 3178 qne
191 3096 302 3149 hausu
325 3083 484 3149 credibile
506 3081 656 3164 videtur,
679 3079 881 3148 notissimum
904 3081 1039 3146 lormum
1063 3081 1158 3166 ἔχοντι
1182 3105 1201 3148 c

97 3185 239 3256 Cretica
261 3185 400 3252 dialecto
422 3195 581 3250 enomtam
610 3205 703 3263 csse,
737 3205 837 3274 querc
865 3183 976 3248 nescio
1008 3207 1049 3247 su
1079 3183 1201 3273 corrigi

96 3289 213 3383 possit
235 3287 357 3372 ἔχοισι,
391 3287 514 3372 ἔχουσι,
553 3297 589 3350 ut
611 3285 654 3350 sit
676 3284 805 3350 dativus
826 3285 986 3374 pluralis,
1019 3284 1064 3350 cl'.
1088 3284 1121 3367 §-
1145 3286 1198 3350 14.
1340 3339 1341 3351 ,

97 3435 142 3446 -
190 3389 245 3455 De
265 3389 359 3454 tertia
382 3411 522 3478 persona
543 3386 662 3476 plurali
684 3387 822 3476 perlecti
850 3385 1043 3464 ἄπέσταλιιον
1066 3385 1101 3452 in
1123 3386 1200 3452 titu-

97 3495 146 3566 lis
171 3491 316 3558 Creticis
339 3515 388 3556 nr.
413 3489 508 3556 3048.
533 3488 628 3555 3052.
652 3487 736 3555 3058
757 3488 843 3552 iuli-c
867 3488 1026 3554 dicemus.

192 3595 227 3674 3)
271 3589 552 3680 Conjuuetivi
594 3587 803 3676 objectivi
845 3589 971 3654 tertis
1016 3611 1200 3676 persono

98 3693 348 3782 singularis
378 3691 457 3758 urire
487 3693 608 3758 formae
637 3689 849 3779 ambiguitate
879 3689 1103 3780 insignisset.
1159 3691 1198 3755 lu

97 3796 323 3886 tituliseuim
345 3794 591 3860 terminationes
614 3821 644 3881 p,
669 3819 699 3871 η,
724 3815 752 3856 ει
772 3791 1199 3882 reperiunturcuequcuou

95 3897 287 3968 constantia
304 3897 443 3986 quadam
458 3896 600 3976 clectus,
625 3893 683 3960 scd
706 3917 802 3982 saepe
824 3906 944 3958 temere
965 3903 997 3956 ct
1019 3892 1110 3956 nulla
1126 3891 1200 3976 lege

97 4003 237 4068 mixtae.
290 3997 328 4062 lu
359 3997 527 4086 plerisque
554 3995 687 4086 quidem
708 3995 816 4060 titulis
838 3995 924 4078 iota,
955 4017 1140 4084 quanquam
1165 3993 1199 4056 iu

96 4100 325 4170 declinatiouc
346 4107 378 4164 et
400 4097 537 4186 reliquis
560 4111 709 4162 accurate
731 4109 899 4182 servatur,
922 4119 987 4161 uou
1001 4093 1198 4182 adscriptum

96 4215 175 4273 ests
201 4202 372 4268 llcrmiou.
398 4199 496 4285 1103,
521 4199 659 4288 Tegeat.
684 4199 728 4264 ll.
747 4199 788 4264 L.
812 4208 845 4264 et
866 4195 986 4284 Agrip.
1011 4191 1050 4280 'li
1074 4195 1199 4282 Delph-
