2878 4814
242 369 275 464 ὅ.
291 369 352 447 tt.
388 370 445 444 De
463 361 645 443 adverbiis
664 363 737 440 loei
759 378 795 440 et
814 362 1002 462 temporis.
1097 361 1174 442 377

70 570 174 662 3049)
198 571 366 658 coepisses·
387 575 592 659 (ereptorem,
610 572 821 652 κοσμοῦντες).
855 565 1015 634 luithori.
1028 565 1172 650 2525‚b.

69 677 113 744 85
145 675 255 742 minus
283 675 407 742 Dorice
434 687 485 742 est
515 674 566 742 ὅτε
594 673 630 738 δέ
656 699 708 737 κα.
754 669 885 738 Deinde
908 671 995 760 apud
1016 669 1174 760 Epichar-

71 803 166 846 mum
188 777 264 844 ποκ’
287 775 496 844 indefinitum
518 787 569 846 est
591 776 633 840 ir.
648 775 712 858 94,
735 773 851 840 οὸαοκ’
874 783 907 840 et
928 771 1098 840 οὐπώαοκα
1117 771 1175 854 94,

71 879 163 972 apud
187 880 391 970 Sophronem
413 879 454 944 fr.
478 877 532 945 50.
556 879 597 945 54
621 875 830 942 indefinitum
848 873 953 954 ποκά,
986 875 1028 940 t'r.
1053 874 1071 938 1
1101 871 1174 950 ὅκα,

72 981 163 1070 apud
184 980 379 1048 Alcmauem
399 978 484 1045 ποκά
507 979 560 1046 13.
583 979 637 1048 25.
662 979 730 1056 (23.
754 977 830 1061 82),
865 975 925 1042 ὅκα
948 977 1000 1042 14.
1027 974 1080 1043 59.
1105 975 1173 1057 (25.

72 1084 151 1166 24),
187 1081 332 1172 [ιμὸκῑκ.
359 1082 426 1150 1⁰5
454 1080 558 1166 nessi,
594 1081 676 1148 1251
707 1079 792 1158 ὅκα,
825 1080 972 1144 Acheru.
997 1077 1062 1146 720
1089 1076 1175 1162 ὅκα,

72 1183 161 1276 apud
184 1183 397 1252 'Theocritum
420 1181 503 1250 πὸκα
525 1181 795 1270 interrogativum
817 1180 878 1257 lv,
899 1181 931 1248 7.
953 1179 997 1258 V,
1016 1179 1071 1248 39.
1094 1177 1175 1262 XV,

73 1287 137 1364 44,
160 1283 246 1350 noso
269 1284 475 1352 indefinitum
498 1283 710 1375 saepissime,
734 1283 839 1350 ὅπὸκα
851 1281 959 1366 Χ111,
981 1283 1024 1349 12
1045 1292 1079 1348 et
1099 1305 1177 1350 eon·

74 1411 157 1456 sena
186 1389 297 1454 miuus
326 1387 452 1454 Doriee
481 1387 643 1476 geminata
673 1385 800 1452 ὅπαὸκα
820 1383 872 1462 V,
894 1385 961 1470 08,
995 1382 1073 1450 τὸκα
1095 1383 1175 1468 vll,

77 1491 139 1555 154
173 1500 258 1567 οἱα,
293 1488 354 1555 ὅκα
379 1489 552 1556 relativum
581 1513 679 1580 saepe
688 1539 699 1568 ,
738 1486 798 1554 6κὸ
824 1487 879 1570 μέν
909 1523 952 1535 -
985 1485 1101 1552 ὅλλοκα
1131 1487 1176 1565 δέ,

74 1591 194 1657 mede
214 1628 257 1641 -
277 1590 398 1658 metio
419 1591 457 1676 1,
472 1591 534 1658 30.
557 1589 620 1676 IV,
641 1591 700 1674 17,
726 1590 842 1656 itione
863 1589 918 1670 μέν
939 1629 981 1640 -
1004 1589 1122 1655 ὅλλοκα
1144 1588 1182 1652 δέ

75 1691 136 1771 lv,
160 1692 215 1760 43.
269 1693 441 1760 Postremo
469 1703 581 1760 notatu
613 1691 751 1782 dignum
780 1701 830 1757 est
857 1689 944 1780 apud
973 1689 1179 1779 Hesyeirinm

76 1792 245 1871 ἕστακα,
269 1795 364 1861 ἐνιότε
385 1793 473 1882 παρὰ
496 1797 699 1882 Ταραντίνοις
720 1793 744 1860 i.
757 1817 787 1859 e.
812 1789 888 1857 ἔσθ’
911 1789 989 1869 ὅκα,
1014 1789 1090 1856 ἔσθ’
1113 1791 1175 1860 ὅτε.

76 1931 117 1942 -
159 1895 237 1963 Non
267 1905 355 1962 reete
375 1895 557 1962 Dorienses
586 1895 621 1961 in
651 1895 711 1962 ὅκα
740 1893 881 1962 subinde
907 1917 927 1958 κ
950 1893 1179 1986 geminassea

78 1997 299 2087 grammaticis
319 1997 512 2082 tenduntnr,
541 1997 607 2064 rid.
630 1995 664 2082 §-
685 1997 748 2081 45,
771 1997 804 2064 3.

164 2099 221 2178 14)
259 2095 427 2166 Aduerbio
449 2099 558 2166 modi
582 2099 617 2164 in
643 2124 686 2174 ως
707 2096 860 2165 exeuntis
882 2120 957 2164 oum
978 2096 1107 2188 vulgari
1128 2122 1179 2166 ra·
1314 2102 1322 2115 ‘

77 2201 166 2266 tione
187 2223 284 2292 ssepe
305 2213 442 2266 accentu
465 2199 621 2268 differunt
641 2200 709 2266 vid.
733 2199 765 2284 ᾗ.
789 2201 830 2278 3,
852 2201 886 2269 9.
940 2199 1040 2266 Nune
1061 2199 1098 2266 id
1118 2225 1179 2292 po·

79 2301 242 2368 tissimum
264 2303 300 2368 in
321 2301 510 2370 memoriam
531 2312 718 2370 revocatum
740 2303 913 2386 velumus,
943 2326 1003 2388 ee,
1033 2327 1117 2394 qnae
1137 2303 1179 2370 als

78 2403 244 2472 adverbiis
275 2404 460 2487 ducuntur,
503 2403 750 2472 circumflexum
780 2404 816 2470 in
846 2403 1060 2494 penultimam
1094 2405 1179 2473 ssci-

81 2527 193 2591 seere,
223 2508 340 2584 οὸκοῖς,
373 2503 490 2582 ἄλλαῖς,
518 2509 659 2585 amois,
690 2529 751 2572 nee
772 2503 902 2592 minus,
932 2507 963 2572 si
983 2519 1070 2574 reete
1087 2508 1179 2596 judi·

81 2607 226 2674 tammus
247 2609 352 2688 inuio,
387 2607 509 2699 quibos
532 2606 633 2683 αὐτοῖς
654 2605 840 2674 addendum
862 2631 956 2691 esse,
990 2633 1180 2701 quanquam

80 2732 167 2776 nune
190 2709 326 2799 vulgare
349 2709 450 2786 αὕτως
469 2710 557 2801 spnd
577 2709 790 2776 Theocritum
820 2721 906 2776 extet
927 2710 982 2796 ll,
1006 2689 1080 2780 133.
1112 2712 1177 2798 111,
1288 2755 1290 2762 -

81 2811 132 2878 30.
156 2811 201 2888 V,
225 2811 288 2895 40,
319 2835 359 2880 ee
381 2811 487 2901 magis
508 2812 724 2898 confidimns,
756 2811 847 2904 quod
867 2811 976 2900 ipsum
997 2837 1179 2904 pronomen

81 2917 247 3004 o'xytonon
276 2925 338 2980 est.
392 2911 694 2982 Demonstrativnm
724 2913 784 2980 ὅδε
816 2911 934 3004 Epieh.
964 2915 1018 2982 18.
1041 2915 1084 2984 99
1113 2928 1176 2983 ete.

82 3037 121 3080 ex
150 3017 231 3090 ώςὸκ
258 3017 380 3081 factum
408 3027 478 3100 est,
509 3025 547 3082 ut
577 3017 692 3105 vulgo.
750 3015 844 3100 Qnse
873 3040 939 3084 vox
970 3016 1059 3106 quod
1091 3017 1180 3108 apud

82 3113 292 3184 Theocritum
315 3139 414 3208 saepe
435 3117 575 3184 locutive
595 3127 758 3208 potestate
788 3117 891 3184 utitur
919 3117 989 3184 hic
1018 3129 1050 3185 et
1078 3119 1178 3202 hnc,

82 3216 135 3285 via
155 3219 318 3287 eDoride
339 3221 454 3287 heusta
474 3231 536 3286 est.
589 3217 778 3288 Reistivum
803 3221 863 3300 oie,
894 3243 955 3312 pre
981 3245 1047 3312 qno
1076 3224 1180 3291 semel

83 3319 140 3395 soie
160 3319 283 3410 legitur
302 3321 450 3388 Acheru.
469 3321 534 3390 728
554 3325 637 3413 (que
657 3321 842 3413 respiciens
864 3321 1047 3414 Gregorius
1066 3349 1101 3414 p.
1114 3325 1180 3392 243

83 3419 240 3491 Doricum
262 3447 335 3490 esse
356 3422 527 3510 affirmat),
550 3425 664 3492 eodem
686 3426 802 3503 medo,
825 3423 941 3516 quiin
966 3421 1025 3488 ὅδε
1047 3427 1179 3518 conspi-

84 3521 184 3608 citur,
207 3523 312 3616 sigma
333 3525 449 3612 abjicit
470 3527 505 3592 in
526 3525 602 3612 eise,
626 3525 716 3618 quod
737 3549 756 3592 a
777 3526 997 3614 grammaticis
1018 3525 1180 3596 Doricum

85 3623 220 3712 dicitnr,
243 3629 393 3718 exemplo
414 3627 630 3714 Alemanieo,
652 3639 689 3694 ut
708 3627 840 3694 videtur
860 3628 942 3708 (vio.
963 3625 1052 3694 Mus.
1066 3629 1176 3698 Rheu.

85 3723 203 3818 111,».
226 3729 324 3815 234),
348 3729 459 3796 addite
473 3725 660 3812 Ιὅ).”111αιικ
682 3731 770 3822 'apud
789 3729 970 3798 Pinnetem
991 3731 1089 3798 libris
1108 3733 1178 3824 ple-

119 4003 162 4070 lt)
198 4003 332 4074 Apellon-
343 4003 470 4071 serron.
489 4008 534 4074 61,
552 4007 586 4062 B.
620 4007 646 4062 oi
663 4009 690 4064 tt
707 4011 883 4081 ssopvrms'm
898 4005 929 4061 se'
949 4001 1081 4078 wind.
1101 4013 1135 4067 tr.
1151 4017 1178 4083 1)

86 4085 202 4159 Ᾱῠρκκῦς
221 4091 355 4156 δεχόμεναι
370 4089 431 4146 dest
447 4097 497 4149 τοῦ
513 4091 562 4157 sie,
588 4089 683 4160 ὅμαὸκς
701 4099 739 4165 τῷ
781 4091 846 4151 eise
862 4099 983 4168 χκρκᾶτκς
1000 4097 1073 4164 (ced.
1090 4119 1179 4172 gepes-

87 4177 139 4240 fut)
160 4175 322 4242 renueritis
343 4183 576 4252 πραμαθκοκμίκα.
605 4211 634 4224 -·
674 4182 718 4238 ld.
743 4181 780 4237 de
803 4192 878 4253 synt.
898 4185 965 4250 156,
982 4185 1018 4238 20
1040 4184 1076 4238 ud
1102 4185 1178 4242 idem

88 4256 201 4318 Pindari
228 4264 427 4338 trumentum:
454 4269 518 4324 trees
539 4270 627 4335 strecs
649 4267 683 4326 κὸ
704 4267 944 4342 &meotes-osseis
961 4267 1120 4334 eosdm
1144 4303 1178 4315 -
1222 4275 1226 4284 '
