2894 4820
1189 395 1191 398 ’
1220 395 1269 443 Vll

73 561 163 639 lium
188 583 437 650 nostrum
477 576 654 652 Graecae
678 575 733 649 illi
765 579 926 650 societati
961 577 1179 652 clarissimae
1204 578 1266 650 ad-

83 671 367 779 t'qtormm,
446 682 534 780 qui
573 703 630 753 me
665 678 842 778 hospitem
879 678 1065 753 admittere
1100 705 1173 752 non
1205 680 1266 754 de·

91 771 237 873 lignun
270 780 521 856 doetrinae
552 781 729 881 elegantia
760 791 796 854 et
826 807 965 856 morum
991 779 1190 855 urbanitate
1216 783 1267 856 ita

104 893 320 977 mutant,
369 897 427 957 ut
457 889 581 957 horas
607 911 688 958 oum
710 882 784 955 illis
810 895 970 981 peractas
996 887 1090 960 inter
1112 883 1264 958 laetissi-

116 1007 187 1055 mas
212 985 331 1058 sitae
360 986 546 1060 habeam
556 1015 567 1082 3
618 987 773 1085 denique
800 989 979 1077 omnium,
1027 987 1091 1086 qui
1117 985 1155 1057 id
1180 987 1264 1061 effe·

44 1144 45 1151 1
131 1099 283 1179 mut,
314 1099 366 1160 nt
396 1087 543 1162 mutila
570 1087 713 1180 dextra,
744 1113 851 1186 quem
878 1089 1024 1160 unicum
1049 1090 1264 1162 tenotomiae

144 1187 303 1263 leuatum
338 1188 520 1284 abstuli,
565 1191 704 1264 itineris
741 1189 984 1263 Berolinensis
1018 1189 1178 1289 quotidie
1207 1189 1264 1262 ln·
1419 1209 1424 1216 '

151 1289 366 1365 beatissime
397 1291 612 1365 admonear.
959 1289 964 1305 '

163 1397 632 1568 smff‘ss‘tttt‘ttsst
656 1392 1262 1592 1113ἶῖ3,’ξίὥὲἰῗηῗῖῗυὲἱέἵζ

163 1596 485 1670 Sehneidewinnm
511 1623 630 1672 meum
656 1600 695 1669 in
718 1596 1022 1695 Episemeridibns
1046 1597 1262 1700 Gottingen·

163 1697 264 1771 sibus
301 1726 338 1770 a.
364 1696 479 1770 1810
516 1727 575 1772 nr.
599 1696 677 1770 152
715 1711 753 1773 et
787 1699 817 1770 li
872 1689 973 1774 reti
999 1700 1179 1801 quendam
1222 1703 1263 1774 in

123 1864 128 1873 .
163 1797 472 1898 Ephemeridibns
497 1800 761 1881 Darmstadinis
794 1727 1018 1900 audiquitatis
1053 1801 1173 1876 studio
1207 1802 1261 1876 di·

163 1904 256 1974 utis
278 1929 315 1974 a.
329 1899 435 1974 1811
458 1929 514 1977 nr.
528 1899 621 1974 145.
636 1899 730 1975 146.
785 1901 949 1997 Quorum
972 1915 1125 2004 uterque
1148 1930 1261 2003 qaum

161 2026 313 2102 operam
338 2015 498 2077 nostram
531 2007 579 2078 ita
609 2004 835 2104 probaverit,
880 2016 922 2078 nt
952 2007 990 2078 in
1022 2009 1146 2105 paneis
1179 2008 1260 2106 qni·

162 2105 321 2178 busdam
346 2105 550 2179 dissensum
580 2106 812 2206 significarit,
858 2108 897 2178 in
926 2106 1191 2180 Additamentis
1216 2107 1261 2180 ad

165 2205 319 2280 Librum
346 2209 507 2280 Primum
536 2207 621 2280 hnic
652 2206 745 2281 libro
771 2205 944 2305 adjectis,
998 2208 1260 2281 admonitiones

164 2335 315 2400 eninm,
363 2322 541 2409 quatenns
568 2312 687 2408 operis
712 2312 827 2382 nostri
858 2311 950 2384 ratio
977 2308 1159 2408 postulare
1183 2311 1259 2384 visa

160 2421 239 2502 est,
288 2437 364 2484 non
389 2411 628 2509 negleximus.
704 2412 825 2484 Unum
848 2424 922 2504 est,
962 2411 1061 2512 quod
1085 2411 1154 2485 hoo
1179 2411 1259 2486 loeo

161 2513 518 2586 commemorandum
545 2513 724 2588 ducimus.
801 2513 981 2587 Omnibus
1006 2515 1101 2587 enim
1127 2515 1174 2586 iis
1196 2539 1258 2612 pa·

158 2614 381 2716 agapitis,
426 2640 517 2714 quae
543 2615 601 2688 vel
626 2615 851 2716 singularum
877 2615 1109 2717 dialectos-nm
1135 2613 1257 2688 Aeoli·

161 2741 289 2788 αη-
324 2716 483 2790 indolem
519 2716 728 2790 describunt
758 2717 817 2790 vel
841 2743 966 2791 omnes
996 2729 1069 2790 tres
1095 2719 1133 2788 in
1160 2741 1256 2790 oom-

159 2821 386 2916 parationem
424 2829 574 2909 vocant,
623 2817 660 2920 §-
685 2815 752 2905 31.
777 2815 845 2890 19.
871 2815 943 2911 dl,
993 2845 1120 2916 panum
1153 2821 1256 2891 satis·

160 2919 320 2992 fecium
351 2921 503 2993 Censori
532 2920 806 3012 vermendiso,
850 2924 914 3019 qui
939 2923 1112 3018 ampliore
1137 2931 1174 2994 et
1198 2947 1256 2994 ae·

160 3024 344 3094 curatiore
369 3021 610 3120 disputatione
643 3047 734 3120 opus
764 3023 877 3095 luisse
908 3021 1103 3095 oontendit.
1178 3022 1256 3096 Nos

163 3125 205 3193 in
231 3125 319 3195 istas
344 3121 588 3223 paragraphus
621 3149 696 3196 non
729 3126 848 3196 minus
878 3149 986 3197 sorae
1010 3125 1255 3224 cogitationis·

160 3251 236 3324 que
270 3223 560 3322 impenderamus
593 3251 700 3326 quam
731 3228 771 3298 in
805 3227 962 3325 reliquas
999 3238 1034 3298 et
1068 3251 1116 3298 ne
1146 3224 1255 3300 hodie
1400 3307 1403 3321 Δ

159 3325 313 3426 quidem
349 3326 603 3426 intelligimus,
653 3353 744 3428 quae
777 3330 851 3400 sint
888 3327 951 3400 illa
982 3339 1044 3400 aut
1078 3352 1162 3400 vero
1192 3340 1256 3402 aot

160 3425 389 3524 probabilia,
430 3455 524 3528 qnae
555 3427 638 3502 addi
668 3431 866 3528 potuerint.
940 3433 1066 3528 ltaque
1097 3431 1253 3526 primum

21 3519 39 3538 ’
163 3529 247 3621 Te,
299 3531 356 3602 mi
388 3529 685 3625 Lachmanne,
731 3555 929 3629 omnesque
961 3531 1113 3605 lectores
1145 3529 1254 3605 bene·

161 3631 267 3704 volas
292 3644 436 3730 rogatos
462 3632 567 3724 volo,
617 3645 679 3725 nt,
726 3637 758 3706 si
786 3632 907 3707 atillo
933 3644 1086 3732 atquae
1114 3635 1153 3707 in
1183 3634 1253 3708 hoo

159 3733 259 3805 libro
284 3745 371 3805 sont
394 3732 556 3832 ejusdem
588 3737 753 3836 generis,
804 3737 922 3809 minus
954 3735 1047 3809 hene
1073 3735 1253 3834 disputata

160 3859 242 3908 esse
274 3835 486 3930 videantur,
541 3863 588 3910 ne
622 3837 843 3938 diligentiam
880 3863 994 3911 meam
1032 3841 1071 3911 in
1110 3836 1251 3934 eulpam

158 3939 321 4028 vocetis,
369 3937 433 4012 sed
459 3951 523 4012 aut
547 3941 686 4038 ingenii
702 3941 920 4012 tenuitatem
952 3951 1015 4013 ant
1048 3943 1161 4037 ipsam
1195 3965 1250 4014 re·

161 4063 242 4112 rum
279 4050 509 4114 tractatarum
547 4039 704 4114 indolem
740 4053 777 4113 et
812 4053 996 4137 naturam3
1056 4043 1249 4115 Censorem

165 4153 277 4214 entem
306 4167 373 4216 orn
404 4153 442 4216 et
472 4141 621 4216 obsecro
646 4154 706 4236 nt,
753 4167 846 4241 qnae
877 4143 1006 4217 malins
1040 4141 1111 4214 diei
1143 4169 1249 4242 posse

167 4241 249 4336 seit,
289 4241 438 4344 publice
469 4245 682 4346 privatimve
715 4249 954 4320 eommunicet
978 4269 1137 4338 meeum,
1176 4271 1249 4347 quo
