2862 4808
84 371 193 465 §.cc
212 366 432 446 DeDoridis
445 380 673 468 generum-et
686 363 894 464 specierum
911 364 1062 466 origine.
1100 365 1176 444 tus
1224 321 1226 325 V

82 573 266 642 incolarum
297 570 426 638 numeri
457 567 585 638 tertiam
615 580 739 660 purtem
768 575 847 638 non'
868 568 1091 658 expleverint,
1134 569 1176 634 iit

82 676 194 759 enim,
216 673 275 766 qui
296 671 396 765 primi
416 671 532 738 urbem
552 671 784 756 condiderant,
807 693 886 760 prae
897 671 1036 760 reliquis
1050 671 1176 760 sliquid

77 778 170 866 juris
191 777 262 844 dari
282 785 535 844 consentaneum
556 783 635 840 erat.
696 771 952 861 Cyreneigitur'
967 772 1098 846 nomine
1118 797 1175 862 po-

80 881 152 948 tius
173 895 271 970 quam
291 903 329 945 rc
350 877 480 943 Therae
500 875 631 942 colonis
652 885 740 959 erat,
771 897 833 940 uec
863 875 1001 960 mmm,
1035 875 1064 940 si
1086 875 1175 941 Tle-

80 1005 234 1050 rseornm
268 980 427 1046 dialectos
459 977 547 1043 inter
579 988 628 1046 tot
650 977 789 1042 'accolas
820 975 946 1042 alienae
979 978 1175 1046 elocutionis

81 1083 266 1152 evennerit.
320 1080 518 1166 Cretenses,
550 1078 587 1144 id
615 1079 707 1170 qnod
731 1079 804 1168 ipse
824 1089 982 1148 terrerum
1004 1079 1086 1146 situs
1108 1079 1176 1146 exi·

81 1185 211 1252 stimari
226 1183 343 1272 jubet,
364 1205 499 1249 numero
520 1181 937 1272 praevaluisse-ridentur,
967 1205 1067 1270 qnum
1089 1182 1176 1270 inter

82 1287 244 1354 dialectos
268 1285 430 1352 Creticam
453 1294 486 1350 et
509 1283 721 1373 Cyrensicsm
750 1293 880 1374 prester
907 1307 964 1362 ea,
997 1307 1083 1375 quae
1102 1285 1176 1349 uni·

80 1389 172 1457 versi
194 1385 370 1457 severioris
392 1384 524 1478 generis
547 1387 1093 1476 sunt,'extremarnmspllsltarum
1106 1411 1176 1453 cor·

80 1490 190 1580 reptio
210 1489 394 1556 communis
414 1487 477 1570 sit,
508 1509 606 1577 quam
626 1512 645 1553 ι
667 1487 886 1556 Cretensibus
907 1491 1019 1579 potius
1039 1511 1138 1581 quam
1158 1511 1177 1554 a

82 1591 246 1660 'l’lrcraeis
266 1591 310 1657 ad
330 1591 519 1680 Cyrenaeos
546 1599 785 1658 trmsnraarmse
813 1602 984 1682 putamus,
1015 1592 1177 1659 vocalium

81 1718 116 1760 eo
143 1693 401 1762 connectionem
427 1691 463 1757 in
492 1715 545 1770 so,
576 1715 674 1782 quem
695 1691 858 1781 Cyrenaei
878 1717 957 1784 prae
976 1693 1104 1783 relique
1126 1717 1177 1758 se·

79 1797 210 1866 veriore
231 1795 357 1862 Doride
377 1794 577 1886 peculiarem
599 1791 738 1877 lrehent,
761 1794 803 1860 sd
822 1794 1015 1880 insulanos,
1036 1795 1094 1884 qni
1111 1795 1176 1883 cy-

79 1921 185 1966 renen
202 1897 512 1988 commigrrveraut‚
534 1895 588 1964 vel
601 1893 743 1962 Doricos
764 1898 818 1964 vel
839 1897 972 1964 lonicus
992 1897 1175 1981 retulerim,

81 2025 224 2091 quorum
244 2001 396 2091 utrisque
417 2001 449 2066 is
470 1981 552 2065 usus
572 1997 744 2066 lemilirris
767 2010 846 2066 eret.
869 2041 911 2054 —
941 1997 1052 2082 Quum
1074 1998 1177 2088 igitur

78 2103 224 2170 Doricae
244 2101 395 2170 coloniae
416 2109 491 2190 post
512 2099 743 2190 Olympieion
771 2099 902 2168 initium
929 2101 1079 2168 conditae
1100 2123 1176 2166 cum

80 2228 143 2271 sua
173 2227 324 2297 quaeque
350 2203 523 2295 metropoli
552 2215 609 2270 ant
637 2203 784 2272 severius
813 2215 869 2270 unt
898 2203 1011 2270 mitius
1038 2203 1176 2270 Doridis

81 2331 190 2398 genus
207 2329 378 2374 commune
393 2305 551 2386 labeant,
573 2318 799 2397 praeterquam
820 2303 879 2370 ulsi
899 2329 960 2396 per
980 2306 1176 2372 advenarum

9 2465 15 2474 .
79 2408 344 2499 alienigenarum
364 2409 553 2476 coullnxum
573 2408 708 2474 mutatio
730 2407 815 2474 lecta
837 2419 907 2494 est,
931 2417 964 2475 et
977 2431 1079 2497 quom
1093 2407 1176 2474 mul·

79 2522 134 2576 tae
155 2533 197 2576 ex
217 2510 288 2578 illis
308 2521 365 2578 aut
385 2521 498 2579 octavo
521 2510 652 2594 saeculo
673 2520 730 2575 ant
749 2509 882 2576 ineunte
902 2509 1042 2600 septimo
1063 2508 1176 2576 condi-

79 2623 135 2678 tae
156 2613 242 2696 sint,
264 2623 351 2679 certe
372 2611 622 2698 ratiopinetione
644 2613 800 2690 efficitur,
819 2613 888 2700 jam
910 2623 1023 2678 octavo
1046 2611 1177 2678 sacculo

79 2713 266 2782 Dorienses
287 2715 375 2782 inter
395 2714 544 2781 severius
566 2737 672 2803 genus
694 2724 727 2781 et
745 2714 859 2781 mitius
881 2713 1007 2782 divisos
1026 2713 1143 2780 luisse.

167 2917 237 2986 Sed
258 2917 356 2984 etiam
376 2915 474 2984 ultius
496 2913 538 2983 ud
553 2913 695 3005 mythice
711 2925 856 3004 tempore
870 2915 1047 2984 escendere
1065 2914 1172 3001 juvat.

80 3017 264 3086 Videamus
286 3019 395 3101 enim,
423 3028 497 3084 utro
517 3017 655 3084 Doridis
679 3041 800 3108 penore
821 3017 918 3084 nrbes
939 3015 1081 3084 Doricae
1102 3039 1177 3106 pro·

80 3121 171 3188 ximo
193 3131 270 3212 post
289 3121 517 3210 migrationem
539 3131 683 3209 tempore
704 3120 855 3186 conditae
868 3119 923 3186 vel
939 3131 1051 3207 captae
1064 3130 1177 3206 postea

79 3246 162 3290 usse
183 3222 262 3289 sint.
315 3222 500 3290 Dorienses
522 3221 666 3288 Achaeis
686 3220 782 3288 victis
803 3221 846 3288 in'
861 3221 1093 3310 Peloponneso
1114 3222 1177 3286 tris

77 3347 183 3412 regns
204 3323 392 3390 condidisse
413 3324 584 3407 feruntur,
616 3322 798 3412 Argivum,
831 3323 1055 3407 Laconicum,
1088 3321 1177 3390 Μιε-

78 3426 243 3494 senicum.
288 3427 391 3514 Argis
413 3423 532 3492 deinde
554 3425 725 3508 exierunt,
759 3425 818 3516 qui
838 3425 1063 3509 Troezenem,
1095 3423 1176 3515 Epi·

78 3525 239 3612 danrnm,
264 3526 440 3618 Sicyonem
462 3537 683 3618 occuparunt,
705 3525 895 3617 Epidauro,
916 3527 976 3618 qai
997 3526 1175 3618 Aeginam,

76 3651 120 3696 ex
142 3627 326 3718 Argolide,
358 3628 417 3719 qni
438 3629 612 3712 Rhodum,
648 3629 741 3714 Con,
774 3627 964 3719 Calymnam
993 3641 1026 3695 et
1050 3627 1176 3706 vicinas

77 3729 232 3798 civitates
252 3729 406 3798 Dorieas.
461 3729 559 3815 Quod
580 3731 715 3815 Aletes,
746 3731 806 3823 qni
830 3732 957 3821 primus
981 3729 1177 3798 Corintlrnm

77 3831 116 3897 in
137 3831 355 3900 Doriensinm
377 3843 568 3923 potestatem
597 3833 744 3921 redegit,
778 3857 844 3900 non
865 3832 988 3922 Argis,
1023 3831 1059 3898 ic
1088 3833 1175 3922 qnod

76 3933 250 4024 probabile
269 3933 421 4018 videtur,
442 3957 552 4025 neque
573 3935 772 4004 eLaeonice
792 3936 847 4002 rel
857 3933 1024 4002 Messenis
1044 3935 1176 4004 venisse

77 4039 204 4122 fertur,
240 4035 487 4126 Corinthiorum
514 4038 634 4104 lastnm
654 4036 814 4126 Arffiram
842 4035 1005 4126 originem
1024 4059 1175 4127 asperna-

77 4147 148 4206 tum
179 4137 290 4206 minui
319 4163 395 4206 vera
422 4138 559 4207 linxisse
587 4137 780 4230 putaverim·
823 4137 1037 4227 Megaridem
1058 4137 1175 4206 Corin·
