2878 4814
175 411 180 420 .
254 319 256 322 Ι
378 337 408 432 i.
433 339 494 418 48.
548 343 605 416 Do
627 343 777 418 mitione
801 346 950 423 Doride.
1129 351 1206 432 405

106 542 250 631 species.
294 539 520 610 Nihilominus
543 555 577 610 et
597 545 659 610 hos
681 554 714 610 et
735 543 956 634 Epidaurios,
979 544 1037 638 qui
1059 549 1203 618 arctissi-

103 666 159 709 ma
181 644 377 732 cognatione
402 669 476 712 eum
491 645 668 736 Aeginetis
685 645 796 732 juncti
816 657 919 732 erant,
942 648 1055 714 eadem
1074 652 1203 742 vulgari

101 743 243 810 Doride-
256 769 334 812 usos
354 767 448 830 esse,
486 771 549 837 qua
570 747 673 816 vieini
695 746 896 832 Dorienses,
934 773 1125 840 persuasum
1146 755 1200 820 ba·

100 845 233 914 bemus.
279 847 456 938 Sicyonios
476 871 630 940 quoque,
663 848 851 934 Phliasios,
885 849 1086 938 Cleonaeos,
1119 878 1200 946 quo·

99 971 179 1014 rum
209 947 250 1016 de
279 949 428 1016 dialectis
457 949 543 1018 nihil
574 951 757 1020 accuratius
792 963 992 1042 compertum
1026 954 1197 1042 habemns,

98 1048 175 1118 illis
196 1049 316 1118 addere
338 1052 508 1118 audemus.

187 1149 417 1239 Messenii,
449 1163 606 1244 quamam
635 1177 654 1219 e
680 1153 785 1222 titulis
814 1155 927 1245 paullo
958 1155 1198 1226 recentioribus

97 1253 312 1344 intelligitur.
380 1255 420 1322 lu
454 1255 694 1322 Messeniorum
727 1255 916 1324 Siculorum
953 1256 1050 1326 titulo
1082 1259 1120 1336 l,
1157 1259 1198 1326 16

97 1353 253 1422 Turrem.
277 1367 365 1424 certe
386 1356 497 1424 mitior
518 1356 620 1424 Doris
643 1369 795 1448 apparet,
819 1381 1005 1450 quanquam
1026 1361 1105 1427 haee
1125 1360 1196 1451 qui-

97 1455 176 1521 dem
197 1456 278 1524 urbs
299 1459 334 1524 in
361 1469 450 1526 tanta
478 1460 660 1528 incolarum
688 1460 846 1528 mixtione
872 1457 1114 1528 Messeniorum
1141 1455 1211 1528 co?

95 1557 191 1624 lunia
217 1560 273 1626 vix
303 1561 415 1626 haberi
445 1570 564 1650 potest.
629 1561 846 1651 Antiquior-es
874 1561 1089 1648 Messenios,
1132 1564 1195 1630 sub

96 1658 335 1750 Spartanorum
357 1663 563 1752 potissimum
587 1661 827 1748 deminutione,
857 1663 1042 1732 Laconicae
1063 1664 1195 1734 dialecti

93 1761 278 1852 participes
298 1764 426 1848 luisse,
456 1765 497 1830 ad
519 1789 616 1853 quana
635 1765 827 1858 opinionem
848 1765 935 1830 haud
955 1777 1077 1834 temere
1098 1768 1193 1834 ineli-

93 1865 248 1950 muueris,
281 1889 348 1931 non
370 1876 479 1955 potest
500 1866 578 1932 iude
605 1865 809 1950 confirmari,
840 1866 930 1954 qnod
951 1865 1192 1936 Demosthenes

93 1966 185 2054 apud
203 1961 437 2056 Thucydidem
454 1969 504 2034 lV
526 1969 591 2033 c.3
613 1966 797 2034 Messenios
821 1975 895 2056 post
915 1969 1046 2034 tertium
1066 1969 1191 2036 bellurn

91 2067 318 2134 Messeuieuau
345 2069 507 2158 Naupacti
533 2069 684 2136 sedentes
712 2068 980 2136 Lacedaemoniis
1009 2069 1192 2154 ὁμοφώνους

92 2168 178 2235 dicit
199 2193 302 2260 eaque
330 2172 370 2238 de
398 2194 495 2238 causa
525 2172 566 2237 ad
589 2171 710 2258 Pylum
739 2170 963 2260 occupandam
990 2172 1188 2260 aptissimos.

93 2269 187 2338 Idem
209 2273 296 2339 enim
318 2270 579 2356 Demosthenes,
602 2272 798 2362 Thucydide
820 2283 970 2340 narrante
991 2271 1042 2338 lll
1064 2295 1094 2338 c.
1115 2275 1188 2356 112,

91 2373 346 2453 Ambraciotas,
375 2374 433 2464 qni
455 2375 584 2464 vulgari
605 2373 731 2440 Doride
753 2373 944 2460 utebantur,
974 2397 1189 2464 oppressurus

91 2472 282 2542 Messenios
304 2476 472 2565 praemisit
492 2487 525 2542 et
545 2475 669 2566 alloqui
686 2476 791 2562 jussit
811 2477 972 2561 „Amplior
994 2499 1025 2542 re
1044 2482 1189 2560 γλῶσσαν

91 2577 194 2652 ἱέντας
227 2580 287 2642 atei
310 2580 377 2653 τοῖς
408 2577 585 2659 προφύλαξι
619 2581 722 2642 niorto
753 2578 1023 2662 nupexopa'voocf‘
1073 2578 1188 2670 ltaque

90 2677 239 2746 Doricae
270 2679 423 2756 dialecti,
469 2703 535 2746 non
568 2677 745 2768 singularis
776 2678 898 2768 speciei
929 2679 1116 2746 communio
1146 2695 1187 2746 a'x

91 2790 233 2869 utroque
254 2779 328 2846 loco
349 2793 493 2871 apparet.
549 2779 701 2846 Ceterum
731 2779 952 2848 confitendum
974 2791 1041 2864 est,
1074 2781 1186 2870 vulga·

90 2905 161 2948 rena
189 2879 347 2948 Doridem
378 2883 413 2948 in
443 2881 551 2948 titulis
578 2880 773 2948 Messeniois
803 2881 910 2948 eidem
939 2905 1054 2948 causae
1082 2881 1185 2948 tribui

90 3005 216 3073 posse,
240 3007 337 3072 quam
355 2985 424 3069 jam
446 2983 487 3050 ad
508 2983 591 3050 alios
613 2983 727 3050 titulos
748 2983 988 3050 adhibebimus.

176 3083 380 3152 Arcadici
402 3085 489 3152 euim
511 3096 544 3150 et
563 3084 771 3150 Laconici
792 3084 881 3152 tituli
911 3098 985 3176 post
1006 3110 1036 3150 a.
1060 3086 1125 3152 200
1151 3109 1181 3150 a.

89 3187 172 3254 Chr.
199 3186 314 3277 scripti
335 3179 502 3276 vulparem
523 3187 682 3252 Doridem
704 3184 878 3270 exhibent,
913 3209 1098 3276 quanquam
1120 3188 1183 3252 Ar·

89 3289 190 3356 cades
224 3289 383 3377 peculiari
415 3289 556 3356 dialecto
596 3298 628 3352 et
657 3287 807 3353 Lacones
839 3287 1013 3354 severioris
1044 3288 1182 3354 Doridis

88 3390 254 3479 singulari
287 3393 396 3481 specie
427 3415 506 3456 usos
537 3389 643 3458 tuisse
674 3399 810 3458 cunstat.
875 3387 1048 3472 Quomodo
1079 3389 1183 3478 igitur

87 3494 212 3558 lactum
240 3502 309 3574 est,
345 3504 382 3558 ut
409 3503 522 3560 contra
543 3491 707 3580 antiquam
729 3489 1000 3556 cousuetudinem
1021 3515 1058 3556 ea
1079 3501 1183 3558 aetate

87 3592 237 3680 vulgaris
257 3591 378 3678 Doris,
409 3594 445 3660 in
472 3592 580 3658 titulis
600 3603 689 3662 certe
710 3602 744 3658 et
765 3591 940 3658 cultiorum
963 3593 1100 3656 fortasse
1123 3593 1180 3657 ho·

84 3695 215 3762 urinum
233 3717 381 3762 sermone
402 3693 615 3774 (Laconicam
633 3692 721 3758 enim
736 3693 965 3782 proprietatem
980 3715 1021 3758 ne
1035 3701 1180 3780 tempore

85 3797 220 3886 quidem
247 3795 350 3864 multo
376 3796 557 3863 recentiore
586 3818 714 3862 omnem
744 3793 917 3858 extinctam
939 3793 1043 3858 inisse
1066 3791 1180 3858 docui-

84 3921 160 3966 mus
188 3898 232 3963 el.
255 3901 289 3982 ξ.
311 3899 374 3985 49,
397 3897 435 3984 2)
456 3897 591 3989 probata
612 3895 678 3964 aitt
731 3893 827 3960 Circa
849 3917 971 3960 annum
993 3893 1178 3960 ducentesi-

85 4023 173 4066 mum
201 3999 329 4066 Achaei
356 4023 416 4091 per
441 3999 707 4090 Peloponnesum
737 3995 1003 4076 dominabantur,
1038 4017 1179 4084 quornm

85 4102 217 4170 loedere
236 4093 337 4169 multi
359 4101 473 4192 populi
494 4101 623 4190 vulgari
637 4097 756 4164 Doridi
776 4095 900 4164 assueti
914 4095 1175 4162 continebantur.

86 4205 281 4296 Quanquam
310 4203 413 4292 igitur
440 4227 507 4270 uun
539 4210 685 4284 constat,
721 4222 804 4292 qraae
837 4195 935 4263 luerit
968 4195 1176 4286 antiquorum
