2878 4814
332 405 365 499 §.
379 407 439 485 to.
486 407 543 480 De
564 405 680 482 variis
700 405 902 504 particulis.
1093 403 1167 483 381

68 610 126 678 cclv
151 613 352 696 στεφανῶσαι
373 615 493 678 θαλλοῦ
515 608 656 694 στεφάνῳ
677 609 701 675 i.
724 635 754 678 e.
780 607 1046 696 deliberare,
1076 633 1168 676 nnnr

67 713 244 803 placeat
270 724 333 778 etc.
379 713 432 780 En
454 714 593 780 cundem
615 711 794 803 particulae
815 711 837 790 ἥ
857 735 953 778 nsum
976 711 1010 776 in
1032 711 1170 778 interro-

68 815 208 904 gatione
229 814 386 882 indirecta
409 815 572 906 simplici,
605 815 665 906 qni
685 814 860 906 aliquoties
881 813 968 904 apud
991 814 1170 882 Homerum

67 919 210 984 relictus
239 928 308 1002 est,
343 928 379 982 nl
397 917 440 984 ll.
464 917 569 1001 VIII,
593 917 653 982 111
677 917 806 1002 Ἕκτωρ
837 919 951 982 εἵσεται
979 916 1001 995 ἢ
1022 920 1077 980 καὶ
1097 915 1170 1001 ε’μόυ

70 1019 154 1104 δόρυ
189 1021 327 1101 μαίνεται
365 1021 398 1084 ἐν
429 1020 617 1108 παλάμῃσιν.
683 1017 835 1085 Ceterum
868 1041 943 1084 cum
975 1017 1106 1108 Hepuio
1138 1029 1171 1084 et

69 1121 275 1188 Tlsierschio
297 1115 319 1200 ἦ
339 1121 440 1187 scribi
462 1121 652 1204 maluerim,
687 1133 722 1186 ut
748 1121 908 1210 particula
937 1120 1170 1212 interrogativa

69 1223 113 1290 ad
137 1223 425 1312 interrogationem
448 1223 616 1312 obliquam
639 1223 794 1290 translata
817 1221 871 1289 ait.

161 1325 195 1406 3)
238 1325 306 1390 Pro
328 1325 485 1414 particula
510 1325 727 1392 armoricam
750 1337 801 1392 cst
822 1352 870 1392 κο
885 1331 912 1398 ²>
934 1339 968 1392 et
989 1327 1112 1418 ubique
1134 1327 1168 1392 in

70 1427 266 1516 purioribus
287 1426 424 1493 Doridis
455 1411 802 1520 lontibus'ilupcritur.
859 1427 1006 1496 Atticum
1037 1429 1075 1494 cir
1101 1453 1169 1498 non

70 1541 126 1596 est
154 1528 220 1594 nisi
253 1530 287 1594 in
321 1529 427 1596 titulis
460 1530 670 1614 recentibus,
712 1541 749 1595 nt
781 1533 839 1606 ἕως
867 1530 904 1594 ἄν
933 1531 1037 1598 Phoc.
1060 1531 1168 1598 7311.

70 1631 144 1698 vix
162 1632 250 1698 enim
272 1643 360 1698 recte
383 1631 420 1696 ἄν
439 1655 500 1720 pro
522 1631 576 1695 ε’άυ
603 1657 621 1697 a
643 1630 812 1701 Bocclrlrio
832 1632 977 1721 agnitum
1000 1637 1107 1700 estin
1129 1633 1170 1700 ti·

71 1733 156 1800 telis
179 1757 245 1800 nou
269 1732 553 1818 inllmaeaetatie,
576 1735 716 1824 primum
734 1733 902 1800 Laconico
923 1759 975 1800 nr.
993 1735 1089 1820 1331,
1111 1735 1169 1825 qni

73 1836 261 1926 corruptior
282 1847 314 1901 et
335 1835 514 1902 mutilatior
535 1849 605 1920 est,
642 1859 739 1926 qnam
760 1847 798 1900 ut
819 1837 996 1928 quidquem
1016 1837 1096 1903 inde
1118 1839 1169 1903 in·

73 1937 228 2030 telligerc
251 1938 379 2028 poesis,
403 1937 522 2004 deinde
543 1939 578 2004 in
595 1936 708 2004 Aetol.
724 1935 810 2004 2350
829 1936 902 2014 τούς
926 1937 1089 2022 συνέδρους
1111 1963 1170 2003 οια-

73 2039 299 2116 εαόιιεᾶζουτας
319 2042 385 2115 τοῖς
404 2042 514 2115 Κείοις
533 2037 589 2104 τᾶν
608 2075 651 2086 -·
679 2042 790 2122 ζαμίαν
797 2089 809 2118 ,
843 2039 881 2124 ely
902 2065 943 2104 κο
964 2038 1170 2122 δοκιμάζυυεε

73 2145 204 2226 κυρίους
224 2140 325 2224 εἶμεν,
357 2142 447 2232 qnod
468 2141 655 2208 Boecleluius
677 2141 791 2208 vertiti
825 2141 1027 2231 synedris
1050 2155 1168 2232 pote·

76 2255 168 2312 stas
190 2255 282 2310 estc
307 2241 406 2310 Ccis
429 2243 598 2310 multam
619 2242 918 2332 adjudicandi,
948 2255 1168 2336 postquam

74 2345 415 2412 examinaverint
441 2346 637 2412 damnum.
680 2345 729 2411 At
749 2369 789 2412 eo
811 2371 911 2413 eensu
934 2347 1000 2412 incl
1019 2372 1061 2412 κα
1083 2349 1169 2414 δοκι-

74 2449 211 2532 μᾶξωιοι
239 2448 341 2514 scribi
370 2448 529 2532 debebat,
560 2459 593 2514 et
613 2447 717 2514 multo
737 2447 858 2516 melius
878 2449 971 2540 leges
994 2449 1033 2534 ily
1054 2474 1096 2514 κα
1118 2451 1169 2516 δυ·

74 2551 247 2636 ιιιμάζωνεε
268 2575 351 2619 eam
372 2551 559 2635 multam,
584 2574 704 2640 quam
721 2549 880 2635 justam
898 2549 1166 2638 judicabunt.

74 2653 248 2720 Postremo
271 2653 392 2744 Delplt.
417 2649 502 2722 1706
522 2653 637 2736 ἔκεεμοι
659 2651 751 2721 turco
774 2657 852 2734 μνᾶν
872 2651 1039 2737 τριάκοντα
1058 2651 1171 2718 Σελεύ-

75 2783 121 2838 κῳ
142 2755 316 2839 Σελεύκου,
340 2758 378 2832 ἃς
398 2757 550 2831 Σέλευκος
571 2756 665 2836 θέλοι,
689 2751 747 2822 uti
767 2753 954 2820 Boeclrlrine
977 2754 1014 2830 ἄς
1034 2777 1094 2843 per
1116 2779 1170 2822 as-

74 2857 306 2924 similationem
329 2882 389 2948 pro
411 2857 448 2922 ἄυ
470 2857 494 2922 i.
513 2880 543 2922 e.
568 2855 622 2922 ε’άυ
644 2879 717 2924 esee
739 2856 829 2936 vnlt,
851 2857 973 2923 rectius
996 2857 1170 2946 scripseris

75 2958 115 3036 ἇς
137 2962 288 3036 ΣιἍευκος
308 2963 384 3038 (talu
407 2959 431 3024 i.
455 2983 485 3026 e.
510 2958 668 3025 Seleucus
689 2959 731 3026 ala
753 2959 796 3024 iis
816 2958 951 3048 triginta
971 2958 1079 3024 minas
1101 2961 1169 3026 exi·

76 3061 179 3152 genili
204 3061 264 3148 jus
293 3062 431 3146 habeto,
462 3062 621 3152 quamdiu
652 3061 741 3127 volet
772 3058 826 3137 (cic
853 3083 927 3126 cuns
958 3059 1168 3148 conjunctivo

75 3163 221 3254 Lysistr.
246 3161 337 3248 173).
382 3163 580 3252 Epiclrarmo
600 3164 642 3230 fr.
665 3163 708 3231 70
733 3161 804 3230 οὐδ’
827 3163 864 3228 ἂν
886 3163 930 3238 εἷς
948 3185 1009 3253 pro
1031 3161 1104 3228 οὐδὲ
1126 3164 1170 3241 εἷς

75 3264 186 3331 laiatus
213 3263 336 3331 vitandi
365 3284 463 3333 consa
491 3263 646 3331 donatum
673 3287 748 3332 esse
775 3263 916 3331 videtur.
972 3265 1076 3355 Apud
1106 3264 1170 3332 So-

75 3368 236 3456 phronem
258 3367 300 3432 ir.
322 3368 367 3436 94
387 3365 425 3434 ἄν
446 3365 470 3432 i.
495 3391 525 3434 e.
549 3365 603 3432 ε’άν
622 3391 687 3433 non
710 3377 836 3432 rectea
859 3365 962 3434 Suicla
984 3367 1088 3452 tradi,
1115 3391 1170 3434 va-

74 3465 174 3534 rietas
204 3467 363 3535 Plaotiana
390 3469 512 3558 prodit.
567 3469 608 3534 ln
628 3469 814 3558 Lysistrata
840 3480 874 3534 et
898 3468 1170 3537 Aclsarnensilma

76 3569 207 3634 facilins
227 3570 418 3638 toleraveris
439 3570 588 3636 Atticum
610 3569 648 3634 ἄν
668 3569 793 3638 Dorico
814 3570 958 3636 sermoni
979 3571 1169 3658 obtrusum

77 3670 136 3738 sed
159 3693 200 3736 ne
222 3671 276 3738 laic
298 3673 431 3763 quidem
462 3696 600 3762 usquam
624 3671 701 3759 jure
722 3671 791 3762 legi
810 3671 950 3738 videtur.
994 3671 1078 3739 Naro
1101 3671 1169 3764 Lp-

77 3773 166 3840 sistr.
193 3775 251 3840 171
285 3779 330 3838 noi
351 3777 407 3840 acl
426 3799 473 3848 tac
495 3775 532 3838 uir
551 3775 685 3838 πε1οειεν
707 3769 747 3838 αὖ
768 3772 810 3856 μὴ
833 3774 982 3851 πλαδόίηυ
1003 3785 1078 3864 apte
1098 3799 1169 3842 mu·

76 3875 162 3942 tabia
183 3876 218 3941 in
240 3880 286 3958 πᾷ
306 3874 347 3941 xci
367 3903 413 3952 τις
435 3875 626 3958 ἀμπείσειεν,
661 3901 692 3942 v.
718 3875 801 3946 1⁰8⁰
827 3879 856 3939 sl
884 3875 942 3940 κᾶν
961 3877 1043 3960 λέγοι
1064 3901 1112 3952 τις
1134 3875 1168 3942 in
1245 3908 1250 3917 ·

110 4129 140 4194 1)
176 4129 248 4183 Auta.
267 4127 344 4180 Oxx.
363 4127 393 4191 l,
414 4129 522 4188 160,1.
558 4150 583 4181 ιιι
607 4127 758 4192 σύνδεσμος·
784 4127 935 4200 οἶΔυρειῖς
957 4125 1060 4200 ἢμιτιὶ
1081 4129 1170 4184 eoi?

78 4215 178 4280 λέγουσι
195 4211 214 4284 ἢ
230 4217 316 4286 τροπῇ
334 4217 382 4268 τοῦ
400 4215 413 4266 i
431 4212 465 4272 als
482 4215 509 4266 ἃ.
537 4243 570 4254 -·-
606 4215 739 4285 Apollon.
760 4214 796 4268 de
813 4214 876 4268 adv.
895 4217 955 4270 601.
991 4213 1006 4270 ὃ
1030 4215 1056 4268 al
1080 4215 1168 4270 obtr-

78 4319 137 4363 εμος
156 4303 197 4356 atr
213 4297 273 4354 tac·
294 4295 335 4356 ite
355 4301 454 4368 atrum
471 4297 546 4373 παρὰ
563 4301 763 4376 Δωριεῦσιν.
