2862 4808
304 387 380 466 430
416 387 448 482 §.
460 387 523 466 50.
542 389 599 465 De
611 387 762 467 Doridis
776 413 956 494 generum
973 409 1010 469 et
1023 395 1230 494 specierum
1246 397 1383 499 origiue.

389 591 542 658 Ceterum
564 591 650 660 bene
677 591 918 684 intelligimus,
950 608 1064 664 contna
1092 597 1314 688 suspicionem
1339 623 1384 664 ao-

305 705 404 762 stram
426 694 467 760 de
488 693 664 762 severioris
678 695 815 762 Doridis
839 696 967 786 origiue
988 721 1056 765 noa
1070 699 1195 768 Dorica
1215 691 1317 769 multa
1330 725 1385 766 noa

303 797 445 865 absurde
467 796 627 888 disputari
648 820 757 888 posse.
802 797 935 866 Utinem
961 800 1149 890 contingat,
1182 815 1219 870 ut
1238 804 1331 894 larga
1348 804 1385 868 ic

303 900 520 992 scriptionum
543 923 662 992 seges,
685 923 770 991 quac
790 925 879 968 nuuc
901 901 1093 969 cGrsceiac
1113 903 1186 971 solo
1206 905 1385 995 procrescit,

302 1027 341 1072 ca
370 1001 574 1094 suppeditet,
610 1026 694 1092 quae
720 1001 771 1070 rei
799 1004 833 1068 iu
863 1003 1029 1094 antiquam
1052 1005 1210 1075 Graeciae
1231 1007 1385 1074 historias

303 1105 515 1197 gravissimae
536 1103 664 1195 eliquid
684 1099 772 1172 lucis
792 1103 971 1173 mmdsaa.

372 1307 408 1388 2)
430 1304 590 1396 Superest
604 1315 641 1372 ut
657 1303 697 1371 dc
708 1305 870 1372 variarum
886 1306 1060 1397 utriusque
1071 1309 1205 1400 generis
1216 1312 1385 1402 speeiem

301 1409 432 1499 origine
447 1429 660 1498 queeramns,
684 1431 748 1500 qua
769 1407 804 1472 in
826 1432 863 1474 ae
884 1410 1025 1476 maxime
1045 1411 1087 1476 ad
1108 1435 1146 1478 ea
1165 1415 1385 1482 attendendoa

301 1525 370 1593 est,
404 1535 487 1602 quae
516 1521 572 1575 aut
592 1509 736 1599 singulis
759 1511 933 1600 speciebus
953 1512 1134 1602 peculiaria
1163 1527 1219 1580 ant
1248 1517 1385 1608 pluribus

301 1613 488 1682 communia
510 1621 597 1678 snat.
642 1611 792 1678 Primum
813 1613 946 1703 egregie
967 1613 1054 1681 inter
1073 1637 1110 1681 se
1126 1617 1310 1685 concinunt
1330 1615 1385 1684 sul·

301 1717 392 1807 garis
412 1727 446 1782 et
467 1712 732 1806 septentrionalis
748 1713 886 1781 Doridis
909 1715 1056 1806 species3
1079 1741 1157 1806 prae
1175 1719 1318 1812 reliquis
1333 1719 1384 1784 dis·

301 1819 500 1910 suspendis,
533 1837 618 1908 quac
646 1815 789 1882 leviores
818 1829 913 1901 sunt,
955 1841 993 1884 ca
1023 1820 1179 1886 notabilis
1206 1835 1279 1907 est,
1312 1817 1384 1913 qnod

300 1919 503 2015 praepositio
526 1923 589 1999 εἰς,
626 1941 724 2008 quam
752 1919 889 1984 formam
911 1920 1057 2010 vulgaris
1077 1923 1179 1989 Doris
1202 1937 1331 2005 serrat,
1358 1921 1383 1985 ia

207 2077 209 2084 ,
303 2021 552 2116 septentrionali
583 2021 615 2085 ἓν
645 2032 750 2086 sonat.
815 2019 906 2086 Hinc
934 2021 1023 2088 euim
1051 2023 1227 2113 collegeris
1258 2025 1384 2093 Doricae

301 2124 510 2218 migrationis
542 2133 688 2212 tenpore
719 2121 982 2211 antiquissimam
1012 2125 1149 2191 formam
1182 2128 1236 2203 e’ac
1268 2129 1304 2193 in
1336 2147 1410 2210 ass¹

300 2230 427 2312 inisse,
448 2235 560 2316 postea
582 2225 623 2290 ab
645 2223 721 2290 aliis
735 2223 948 2294 Doriensium
969 2225 1004 2291 in
1027 2229 1071 2303 εἰς
1091 2239 1124 2293 et
1145 2228 1196 2307 ἐς,
1220 2253 1242 2296 a
1265 2227 1383 2322 populis
1409 2233 1410 2300 l

300 2327 565 2423 septentrionalis
589 2327 745 2394 Graeciae
771 2325 807 2390 iu
836 2327 868 2390 ἓν
894 2335 1047 2394 mutatam
1076 2353 1161 2396 esse.
1191 2371 1235 2384 -
1281 2303 1410 2420 Aaqiril

300 2431 544 2502 memorabilem
572 2429 608 2494 iu
635 2429 767 2495 modum
792 2451 868 2494 oum
889 2427 1010 2496 vicinis
1033 2442 1066 2498 ct
1085 2434 1332 2521 cognatissimis
1349 2433 1384 2497 ei.

299 2535 455 2604 vitatibus
478 2533 618 2602 dialecto
639 2531 844 2598 differebant.
877 2529 976 2614 Quod
992 2553 1067 2598 cum
1082 2533 1278 2605 Laconibus
1294 2536 1384 2626 signs

298 2638 385 2705 inter
411 2636 542 2704 vocales
570 2633 709 2721 ejiciunt
735 2642 769 2697 et
796 2633 972 2724 aliquoties
1000 2633 1164 2724 digamma
1191 2637 1228 2703 in
1250 2647 1276 2724 β
1295 2649 1384 2704 muta·

298 2751 392 2819 runt,
415 2737 494 2804 iude
515 2759 558 2802 ne
579 2735 661 2826 quid
682 2735 809 2802 efficere
826 2735 979 2822 atudeasq
1001 2746 1139 2828 utraque
1154 2737 1246 2806 enisa
1260 2737 1383 2807 mutatis

299 2853 365 2909 tam
385 2839 510 2906 receuti
531 2848 634 2904 aetate
655 2835 814 2920 invaluit,
837 2861 903 2928 qua
923 2838 997 2926 ejus
1020 2842 1206 2908 commuuio
1229 2867 1299 2910 uon
1319 2865 1382 2933 poa·

298 2943 344 3010 sit
363 2942 432 3010 nisi
452 2939 544 3008 casui
569 2937 683 3004 musi.
739 2937 861 3005 Contra
888 2961 1106 3007 consonarum
1133 2965 1316 3011 concursus
1343 2965 1381 3018 as,
1408 2963 1409 3036 p

297 3067 396 3136 quem
418 3042 625 3110 Crescmiuau
655 3039 789 3132 quidam
812 3063 888 3107 eam
908 3041 1047 3132 Arpinis
1067 3065 1277 3112 commanem
1298 3044 1381 3112 habe

297 3147 399 3232 bant,
429 3143 680 3236 antiquissimus
702 3154 771 3227 cst,
799 3167 900 3232 qnare
921 3145 1021 3212 facile
1039 3147 1206 3235 putareris
1228 3155 1308 3214 easa'
1321 3167 1381 3236 pre

297 3249 467 3340 prietatem
488 3248 530 3314 ab
549 3245 688 3336 Argivis
717 3245 846 3312 colonis
871 3245 908 3312 in
931 3245 1061 3314 Cretam
1087 3248 1279 3316 translatam
1307 3269 1378 3316 esse.

297 3352 346 3418 At
365 3351 444 3419 olim
467 3349 622 3417 omnibus
637 3347 775 3414 Graecia
796 3347 979 3416 cummunis
1001 3361 1081 3416 erat.
1116 3349 1241 3436 Quare,
1264 3347 1378 3420 etiamsi

295 3454 358 3520 hoe
385 3474 508 3543 ponere
536 3451 645 3537 nolis,
679 3449 771 3540 ipsos
791 3449 973 3518 Dorienses
999 3451 1143 3519 Doricae
1170 3449 1378 3543 expeditionis

285 3565 442 3646 'tempore
464 3577 503 3620 ea
523 3574 603 3620 usos
625 3577 717 3639 case,
741 3551 903 3642 auspicari
923 3563 1030 3620 umen
1051 3553 1153 3638 licet,
1175 3555 1328 3645 antiqaos
1348 3551 1377 3617 il·

295 3655 401 3724 larum
422 3667 581 3722 terrarum
602 3653 730 3720 incolas
753 3677 824 3721 eam
845 3679 864 3721 e
886 3678 1012 3722 summa
1026 3655 1218 3746 antiquitate
1233 3665 1378 3724 serrasaaa

294 3781 369 3825 cum
386 3757 610 3826 Dorieasibus
631 3756 813 3826 victoribus
834 3757 879 3840 (si
900 3756 1032 3848 quiden
1043 3757 1143 3822 Vexii
1165 3769 1199 3824 et
1211 3757 1303 3825 Latii
1321 3755 1378 3822 Dc
1407 3809 1408 3822 ,

295 3859 423 3928 cieuses
445 3859 588 3928 habendi
611 3863 700 3939 sunt)
722 3859 995 3928 communicasse.
1038 3857 1243 3948 EtArgivac
1256 3861 1378 3948 ungue
1407 3911 1408 3916 η

293 3985 370 4030 euna
391 3961 512 4030 'vicinis
532 3961 668 4054 populis
689 3959 927 4052 discrepantia,
949 3981 1048 4052 qaam
1068 3959 1309 4052 aliquantulum
1329 3955 1379 4024 ni·
1407 3953 1408 3980 l

293 4069 361 4130 rari
389 4063 489 4148 licet,
532 4063 666 4130 omnino
692 4062 771 4130 iude
800 4063 958 4154 explicari
986 4084 1085 4155 posse
1109 4061 1260 4149 videtur,
1302 4055 1379 4151 qaod

297 4165 416 4254 Argivi
437 4165 558 4234 multos
580 4165 789 4258 antiquorum
818 4165 1000 4234 incolarum
1021 4165 1058 4232 in
1078 4163 1241 4234 civitatem
1261 4183 1379 4252 recepe·
