2888 4818
308 377 340 472 §.
362 379 425 456 26.
476 381 533 456 De
558 407 593 452 εο
619 391 655 452 et
678 407 722 451 ιο
741 375 954 453 contractis.
990 459 996 478 ⁸
1106 375 1183 454 21⁷

175 585 213 668 b)
257 584 419 651 Futurum
444 583 508 651 boc
533 582 764 650 contractionis
783 581 881 650 modo
904 605 970 649 uon
992 584 1098 652 sulum
1120 585 1183 651 uti·
1327 619 1328 622 ¹

92 697 146 754 tur
166 685 255 778 apud
275 686 427 770 eosdem,
450 685 508 777 qni
529 685 564 751 in
578 684 689 754 verbis
710 683 885 752 conuectis
905 689 937 750 ei
958 697 1180 772 assueverunt,

58 795 67 825 '
93 787 152 856 sed
172 787 270 855 etiem
292 787 379 878 apud
400 809 479 872 eos,
511 787 571 879 qni
591 788 626 853 iu
646 785 718 854 illis
738 785 876 852 solun·
897 785 1035 854 formam
1055 788 1181 877 praele-

91 899 189 974 runt,
222 889 325 982 solis,
358 899 513 980 quantum
535 888 677 972 scimus,
706 887 947 978 antiquioribus
967 888 1107 979 Delphis
1127 912 1182 955 cx·

76 989 211 1082 eeptis.
254 991 427 1080 leguntur
447 989 536 1058 enim
557 990 593 1058 iu
610 989 712 1057 Ther.
725 988 811 1058 2448
832 991 1030 1075 έμβαλοϋμες,
1054 993 1181 1071 student,

93 1095 284 1173 δειξοῦνεαι,
307 1094 550 1179 έγγραψοῦνιαι,
574 1095 861 1179 componendorum
882 1091 920 1158 iu·
941 1091 1076 1182 Corcyr.
1099 1093 1181 1160 1843

93 1195 342 1280 ένδανεεοοῦνει,
373 1198 603 1282 γεερεξοῦνταεγ
644 1193 680 1260 in
709 1192 854 1260 Acheru.
884 1193 949 1260 744
977 1191 1181 1278 ἀπολουμένα,

71 1295 157 1368 ,716
186 1294 430 1383 ἄγοραοοῦτες,
465 1295 553 1394 quod
574 1294 767 1364 Dindorlins
788 1317 808 1362 e
828 1293 1018 1363 Ravennate
1045 1295 1180 1386 recepit,

92 1397 169 1466 714.
199 1398 262 1466 745
291 1403 416 1483 καρυξῶ
443 1399 488 1464 ct'
504 1397 646 1486 dnoeod3
689 1395 806 1464 deinde
834 1397 870 1463 in
898 1397 1057 1466 Alassiuo
1083 1397 1182 1467 titulo

92 1503 295 1584 ιιοεησοῦνιε,
329 1497 448 1590 Sopbr.
474 1500 516 1567 19
542 1501 687 1578 νοσοῦντι
692 1547 705 1579 ,
738 1497 858 1588 Epiclu.
882 1499 946 1567 167
972 1498 1179 1583 θυοούμεθα,

91 1601 244 1668 ΑιοΙιὶιιι.
268 1590 408 1668 de'llel.
430 1624 467 1692 p.
478 1601 543 1670 219
562 1603 744 1678 deoduinus,
767 1603 900 1679 έξοῦπι,
924 1593 964 1668 dc
980 1600 1076 1669 Plan.
1090 1601 1180 1694 Λευ.

91 1726 126 1793 p.
149 1703 173 1770 7
194 1705 473 1789 ιὀορῤοοησοῦνεε,
504 1702 609 1770 Auem
630 1727 666 1793 p.
689 1702 752 1770 ³20
782 1706 991 1789 πεοραοοῠμαι
1019 1713 1081 1771 etc.
1125 1701 1181 1770 Ab

92 1803 273 1872 Heraclide
293 1805 379 1896 apud
399 1804 549 1872 Eustetlr.
572 1829 608 1896 p.
624 1803 719 1890 1557,
739 1803 784 1873 49
803 1815 840 1870 nt
859 1803 981 1872 Dorica
1003 1807 1182 1874 afferuntur

91 1909 293 1988 ποιησοῦνιε,
316 1904 535 1990 dudodecim,
556 1911 751 1994 γελαοοῦντι,
773 1910 953 1990 docuerim.

178 2011 212 2092 e)
246 2007 398 2076 Secunda
417 2030 557 2100 persona
578 1999 752 2098 abjectivi
774 2008 909 2076 eandem
931 2008 1182 2077 contractionem

91 2109 217 2200 patitur
236 2109 355 2202 Epicb.
378 2111 440 2180 143
466 2109 622 2197 πορεύου,
657 2111 719 2181 149
748 2114 886 2178 διανοοῦ.
940 2110 1046 2178 Valde
1072 2119 1181 2180 tamen

92 2208 231 2278 dubium
252 2225 323 2296 est,
351 2236 393 2279 au
416 2237 454 2280 ea
473 2214 652 2303 fragmenta
673 2237 740 2280 nou
760 2215 827 2280 siut
848 2212 1000 2302 genuina.
1051 2210 1091 2276 lu
1112 2235 1181 2278 cer·

91 2312 178 2380 tiore
198 2312 347 2406 ejusdem
369 2315 554 2406 fragmento
571 2316 613 2382 fr.
635 2315 679 2386 29
706 2327 764 2398 est¹
779 2315 868 2402 ᾤχεο.
903 2353 946 2366 -
989 2313 1181 2402 Gonjuucti·

93 2438 157 2481 vus
178 2414 292 2482 aoristi
311 2416 434 2507 passivi
456 2417 695 2501 dydcoatudcim
723 2431 774 2484 cst
792 2417 827 2483 iu
849 2416 982 2508 Corcyr.
1009 2417 1113 2500 1845,
1145 2413 1182 2482 iu

91 2539 161 2606 quo
182 2515 316 2584 Siculos
337 2518 556 2586 contractione
576 2519 777 2587 abstinentes
797 2519 994 2588 ridebimus.

178 2617 215 2702 d)
261 2611 433 2688 Genitiu'us
454 2620 682 2688 declinationis
711 2621 825 2689 tertiae
846 2622 1013 2689 nominum
1035 2619 1070 2685 iu
1091 2619 1133 2697 nc
1150 2629 1183 2685 et

91 2745 130 2796 oc
157 2720 259 2810 uulgo
285 2722 369 2788 banc
396 2723 553 2792 rationem
583 2723 733 2815 sequitur
761 2724 797 2806 iu
825 2723 975 2790 Theraeo
1001 2747 1052 2788 ur.
1082 2721 1180 2806 2448,

89 2820 152 2896 ubi
171 2822 281 2907 γένους
286 2873 299 2902 ,
329 2825 546 2912 Ὑπερείδης,
581 2827 810 2910 Πραξιτέλους,
842 2826 1080 2904 Αἰσοσθένους,
1108 2830 1181 2888 Bur·

90 2922 285 3008 δοιεράεους,
308 2926 466 3005 Συιέλους
487 2933 635 3020 (excepto
657 2951 724 2994 uuo
745 2925 929 3016 Ἰσονλεῦς).
983 2923 1086 3016 Apud
1105 2924 1183 2992 reli·

89 3049 178 3118 quos
209 3048 344 3112 omnes,
378 3028 435 3120 qui
464 3041 607 3098 ceterum
635 3027 866 3098 connectionis
894 3029 930 3096 iu
959 3051 996 3094 ου
1021 3027 1182 3118 patientes

89 3139 187 3206 sunt,
209 3129 347 3218 genitivi
368 3129 403 3196 in
426 3155 481 3206 ove
501 3131 720 3221 suspectiores
741 3143 838 3215 sunt,
860 3131 977 3199 nevel
997 3129 1108 3198 intima
1129 3152 1181 3196 ac·

88 3241 157 3296 tate
180 3231 348 3320 evulgari
373 3231 486 3324 lingua
512 3232 705 3324 irrepserint
732 3233 786 3302 vel
809 3231 1064 3300 describentium
1085 3231 1181 3322 eulpa

90 3331 240 3422 corrupti
268 3331 346 3399 sint.
390 3333 487 3402 'l'nlia
515 3335 670 3424 leguntur
695 3335 731 3401 in
757 3335 945 3403 recentibus
965 3333 1071 3402 titulis
1091 3333 1182 3400 Ana·

88 3433 207 3526 pbaeis
236 3457 287 3500 ur.
317 3433 403 3504 2488
436 3437 668 3521 Τελεονγένους,
705 3461 755 3503 nr.
780 3438 823 3505 12
849 3435 948 3505 lloss·
977 3437 1181 3523 Κρινοιέλους

89 3535 278 3628 (praeterea
298 3539 362 3616 ευς)
393 3538 428 3603 in
458 3537 713 3630 corruptissimis
735 3538 875 3606 Locrico
904 3563 955 3605 nr.
979 3539 1059 3616 1751
1087 3536 1181 3623 Ἀρε-

90 3635 576 3728 moyhovcetllclpb.1703,
608 3665 709 3732 vum
737 3639 772 3708 iu
800 3639 907 3708 titulis
937 3639 1011 3727 cjus
1032 3639 1180 3728 regionis

88 3741 135 3808 sit
156 3765 228 3820 εος,
259 3763 320 3807 uec
340 3741 449 3809 minus
468 3743 554 3834 apud
575 3765 688 3810 omncs
709 3743 855 3834 reliquus
875 3743 1036 3833 populos,
1066 3741 1180 3832 quiin
1207 3782 1215 3798 ·

87 3840 204 3910 verbis
233 3865 271 3907 ov
298 3841 527 3932 probaverunt.
559 3885 601 3897 --
645 3845 684 3910 ln
705 3843 807 3912 Tber.
839 3847 924 3914 2448
950 3845 1180 3912 convenienter

11 3975 12 3980 ¹
87 3945 189 4012 etiam
210 3944 375 4036 genitivus
397 3945 533 4036 pluralis
555 3951 705 4030 συγγενῶν
725 3958 909 4016 contractus
930 3959 991 4014 cst.

177 4049 211 4128 e)
254 4047 401 4114 chitivi
434 4047 663 4138 pronominum
705 4047 750 4114 ita
781 4045 939 4116 coutr'acti
972 4071 1039 4114 non
1073 4049 1180 4115 solum

87 4175 152 4235 μου
177 4149 214 4214 in
234 4147 385 4217 Tbcraco
406 4149 508 4234 2448,
537 4150 713 4218 sedetiam
735 4151 844 4234 έμοῦς,
872 4153 974 4227 ποῦς,
1003 4153 1073 4216 τεοῦ
1093 4149 1181 4239 apud

88 4255 206 4346 peiles
219 4247 351 4320 Siculos
365 4261 461 4335 suut,
483 4249 550 4320 aid.
566 4251 599 4336 ἓ.
611 4253 667 4338 32,
677 4253 710 4320 2.
732 4291 775 4306 -
797 4249 987 4343 Composita
1000 4273 1074 4317 cum
1087 4250 1177 4337 oete,
