2862 4808
268 372 345 450 llo
511 375 544 468 i.
571 375 633 454 49.
685 379 742 451 De
767 377 957 452 severiore
980 378 1130 454 Doride.

272 573 463 664 stinguitur.
522 573 615 658 Ques
644 597 713 640 non
744 598 817 644 csse
848 577 958 643 omnia
986 601 1154 646 esumma
1173 577 1371 667 antiquitate
1420 571 1421 584 ¹

271 675 429 766 religiose
456 686 606 760 servate,
638 675 695 744 rix
722 699 806 768 opus
828 690 915 744 esset
935 679 1131 758 admouere,
1165 679 1230 746 nisi
1254 680 1293 746 C.
1319 679 1366 745 0.

270 777 393 846 Miiller
413 777 604 851 Laconibus
626 779 763 846 eandem
791 781 926 870 liuguae
953 792 1051 872 atque
1071 805 1196 850 murum
1218 793 1251 848 et
1271 781 1369 846 insti·

269 891 414 945 tutorum
435 881 650 947 coustantium
670 881 896 950 vindicaturus
922 883 958 948 in
990 883 1128 952 diatrilre
1157 886 1199 952 de
1225 884 1369 950 diulecto

270 981 414 1066 Dorica,
443 1007 527 1072 quoe
548 982 730 1050 clarissimo
751 984 792 1050 de
814 983 1035 1054 Doricueibus
1056 989 1149 1078 operi
1172 988 1280 1054 sddita
1301 1001 1367 1070 est,

269 1086 376 1174 magis
396 1084 549 1156 minusve
572 1097 681 1174 specte
702 1086 940 1176 significasset,
974 1099 1011 1154 ut
1030 1087 1190 1156 Doridem
1217 1113 1295 1180 prae
1319 1113 1369 1154 re·
1420 1111 1421 1156 ι

269 1187 371 1276 liquis
387 1185 537 1258 dinlectis
559 1187 615 1266 (de
637 1211 701 1278 qua
721 1213 757 1256 re
780 1191 1078 1280 supradiximus),
1101 1191 1145 1258 ita
1167 1191 1367 1258 cuonem

267 1289 414 1376 linguam
437 1313 515 1379 prae
537 1289 675 1378 reliquis
688 1289 826 1358 Doridis
847 1293 1247 1381 generibuenutiquitatis
1269 1292 1368 1360 leude

267 1391 433 1479 insignem
454 1415 555 1460 case„
585 1392 633 1458 At
656 1415 712 1470 cc,
735 1415 820 1482 quse
840 1392 992 1462 Lacones
1014 1407 1125 1461 contre
1146 1395 1292 1486 reliquae
1317 1418 1367 1460 se·

137 1541 139 1547 ,
268 1493 409 1568 verioris
429 1492 569 1560 Doridis
589 1515 686 1558 usum
706 1493 885 1583 peculiaria
906 1495 1050 1582 hubent,
1072 1499 1181 1594 omnia
1201 1497 1367 1587 originem

270 1595 376 1686 magis
398 1597 547 1664 minusve
569 1606 732 1662 recautum
760 1617 838 1685 prae
861 1619 897 1666 oe
918 1597 1038 1666 lerunt.
1090 1599 1239 1689 Apparet
1270 1599 1367 1688 spiri·

269 1709 339 1770 tutu
361 1721 514 1788 superum
535 1722 554 1766 e
576 1697 681 1788 sigma
702 1708 810 1764 ortum
831 1721 926 1777 esee,
959 1721 1025 1766 uon
1047 1701 1152 1791 signia
1173 1726 1214 1768 ex
1234 1723 1365 1790 aspero,

268 1799 361 1868 utin
382 1803 505 1878 donini,
531 1800 669 1886 ὅρμαον,
692 1823 793 1888 quum
814 1799 919 1887 sigmn
933 1802 1056 1870 aoriuto
1072 1797 1365 1892 primo'proprinm

269 1903 329 1986 site
362 1913 494 1994 apparet
523 1929 541 1986 ρ
572 1927 591 1968 e
623 1925 643 1966 o
671 1901 907 1989 degenerasse,
942 1927 1026 1995 quse
1053 1905 1187 1972 mutatio
1208 1903 1306 1970 etium
1328 1903 1363 1967 in

267 2004 387 2072 Latine
407 2004 523 2093 lingua
544 2015 579 2070 et
599 2003 773 2072 vernacule
794 2017 976 2095 spectatur,
1007 2017 1044 2074 ut
1073 2008 1198 2074 orbor
1226 2016 1277 2072 est
1305 2027 1362 2095 pru

267 2106 452 2196 antiquiore
473 2108 617 2191 urbos,
639 2107 817 2174 Theotisce
836 2131 919 2174 war
938 2129 999 2198 pro
1019 2133 1123 2194 was,
1144 2107 1362 2175 certissimum

269 2221 345 2292 est,
377 2233 396 2284 ιι1
423 2231 484 2298 pro
513 2218 539 2274 d
565 2208 757 2299 depravatae
785 2209 964 2276 elocutioni
995 2209 1127 2294 deberi,
1163 2233 1225 2278 nec
1252 2207 1361 2274 minus

268 2311 450 2402 simplicem
474 2333 590 2378 sonum
613 2313 684 2376 det
705 2310 959 2378 semibarbarum
981 2313 1018 2376 dd
1046 2311 1211 2378 inlocum
1233 2313 1362 2399 elegan-

266 2415 362 2483 tioris
382 2424 416 2482 at
437 2414 563 2482 Graeco
585 2413 635 2480 ori
653 2413 779 2504 proprii
801 2419 837 2492 ζ,
873 2414 931 2504 qui
951 2437 971 2480 c
992 2413 1013 2480 d
1016 2414 1032 2500 j
1057 2413 1197 2496 coaluit,
1233 2437 1361 2479 sucees-

267 2516 372 2602 sisse,
406 2516 447 2582 dc
479 2537 499 2579 u
525 2525 600 2582 ente
630 2537 791 2582 consonus
820 2515 947 2604 abjecto
969 2538 1036 2581 unu
1058 2516 1213 2605 estquod
1233 2537 1361 2581 mouea-

267 2643 352 2694 mus,
397 2617 557 2710 Superest
577 2643 615 2690 ov
636 2640 696 2706 pro
719 2629 857 2709 utruque
879 2643 898 2681 v
918 2617 1081 2706 positum,
1104 2639 1200 2706 quam
1222 2617 1362 2708 scriptu·

266 2742 421 2793 rumnou
444 2743 543 2810 posse
556 2719 605 2794 ,ud
629 2731 755 2808 tempus
782 2719 893 2808 paullo
915 2719 1082 2810 antiquins
1103 2717 1221 2784 referri
1242 2719 1323 2784 satis
1343 2743 1361 2784 a
1418 2739 1421 2792 j

269 2823 367 2890 nobie
390 2823 644 2890 demonstratum
666 2831 717 2888 eet
737 2819 821 2886 L.1
850 2824 882 2906 ἕ,
904 2819 966 2904 413
1000 2843 1136 2905 sonum,
1167 2819 1224 2909 qui
1246 2833 1360 2886 novate

267 2925 325 2990 illu
346 2925 515 2995 scribendi
539 2925 665 2992 ratione
687 2921 898 3011 exprimitur,
927 2946 946 2988 a
966 2922 1102 2988 Boeotis
1121 2934 1154 2988 ct
1175 2921 1360 2988 Laconibus

267 3051 309 3095 ex
324 3027 517 3120 untiquitnte
538 3035 700 3096 servatum
716 3047 789 3090 esse
810 3024 952 3091 libenter
965 3025 1185 3090 concedimus.
1202 3063 1244 3078 -
1266 3023 1360 3090 Adeo
1420 3063 1421 3110 ι

266 3154 339 3198 curu
362 3130 471 3221 alique
493 3129 563 3198 veri
586 3127 694 3218 specie
715 3136 804 3192 aetas
819 3129 1000 3216 computari
1016 3147 1114 3214 posse
1131 3123 1274 3207 ridetur,
1295 3151 1358 3216 qua

264 3233 346 3304 illuc¹
355 3233 551 3300 mutationes
573 3231 659 3320 spud
672 3229 821 3296 Lacones
843 3227 982 3318 primum
1003 3227 1213 3294 invaluerint.
1247 3227 1354 3312 Quum
1420 3249 1421 3318 ζ

265 3335 355 3401 euim
374 3334 467 3400 nulla
488 3355 598 3406 earnm
619 3330 661 3397 ed
674 3330 811 3397 colonos
824 3329 1024 3406 Tarentinos
1042 3328 1220 3412 unusierit,
1243 3351 1354 3396 omues

263 3447 338 3526 post
352 3459 382 3502 e.
394 3437 459 3507 710
479 3436 514 3502 in
535 3457 632 3504 usum
650 3431 781 3499 venisse
803 3431 976 3516 videntur,
998 3443 1031 3498 et
1046 3431 1204 3496 maturius
1224 3431 1355 3520 quidam
1420 3447 1421 3480 ³

262 3537 402 3629 reliquis
425 3563 445 3602 σ
467 3561 526 3628 pro
547 3547 591 3613 θ,
625 3557 692 3624 quo
709 3533 779 3620 jem
800 3533 942 3600 Alcmeo
964 3555 1045 3600 usus
1066 3545 1136 3616 est,
1168 3533 1226 3621 qui
1246 3529 1354 3598 floruit
1420 3547 1421 3556 ’

263 3640 350 3708 circa
360 3639 416 3708 01.
429 3639 577 3706 xxvll.
611 3637 703 3702 luter
719 3635 911 3702 Alcmenen
933 3645 966 3702 et
979 3633 1232 3723 Aristophanem
1251 3634 1353 3723 sigma

263 3741 298 3808 iu
319 3763 471 3830 ceperum
491 3736 609 3806 mutari
629 3747 779 3826 coeptum
802 3759 894 3816 esse,
923 3735 1203 3826 grammaticorum
1223 3757 1352 3826 quoque

261 3843 457 3926 testimoniis
480 3841 556 3908 t‘reti
577 3839 799 3906 demonstrare
827 3837 935 3904 eonati
964 3861 1077 3904 sumus
1106 3842 1137 3922 ξ.
1158 3837 1198 3915 9,
1220 3839 1255 3903 2.
1298 3839 1354 3904 Ad
1420 3901 1421 3918 ,

261 3943 398 4010 crudem
427 3953 563 4008 oetatem
592 3939 743 4007 retuleris
771 3943 788 4004 d
817 3951 850 4005 et
878 3941 916 4004 dd
935 3961 995 4027 pro
1018 3943 1054 4022 ζ,
1086 3960 1224 4028 quornm
1252 3937 1354 4028 prima

261 4046 410 4132 exemplu
438 4045 525 4134 opud
545 4043 803 4132 Aristophanem
832 4053 910 4108 sunt
937 4051 970 4106 et
996 4039 1183 4130 Epilpcum.
1238 4039 1351 4107 Prullo

259 4144 437 4213 recentiori
459 4145 556 4210 eeteti
576 4143 754 4210 tribuimus
778 4169 797 4208 o
818 4143 894 4240 inp
916 4151 1094 4224 mutatum,
1125 4139 1220 4227 cujus
1243 4149 1349 4232 'quum
1420 4153 1421 4218 l

261 4247 348 4338 apud
377 4245 632 4338 Aristophanem
662 4245 799 4314 unicum
838 4244 1022 4335 exemplum
1057 4240 1174 4326 παλεόρ
1212 4240 1349 4332 legetur,
1420 4267 1421 4278 ¹
