2878 4814
250 455 282 549 1.
300 457 360 536 ld.
398 459 455 534 De
470 457 654 536 adverbiis
676 457 749 535 loci
769 473 805 534 et
820 460 1009 558 temporis.
1103 459 1180 538 369

75 661 175 746 Quae
198 659 348 728 delinitio
369 683 466 751 quam
497 661 542 728 sit
563 662 598 728 in
618 661 752 730 Doricis
780 673 869 729 eerte
896 661 1067 754 particulis
1089 687 1176 743 vera,

74 787 157 830 mox
186 761 384 830 videbimus.
439 763 610 830 Praeterea
640 763 764 832 Dorica
796 763 993 831 adverbia
983 789 1018 830 ιιι
1052 792 1073 848 ᾳ
1102 789 1178 834 cnm

74 863 310 954 vulgaribus
300 889 336 932 an
364 893 383 954 d
415 888 486 932 eam
516 865 789 956 significationem
819 889 1023 933 communem
1044 868 1178 980 babent,

75 978 115 1032 rat
138 965 225 1032 nibil
245 966 315 1032 lere
335 965 377 1032 ab
399 967 601 1036 adverbiis
591 993 626 1034 ιιι
658 994 701 1044 ως
723 967 853 1034 diversa
875 968 1034 1036 rationem
1056 983 1089 1036 et
1109 947 1178 1038 siro·

76 1067 161 1134 dum
183 1079 314 1156 notent,
351 1069 455 1138 molto
477 1081 583 1135 tamen
606 1067 693 1160 apud
714 1067 895 1136 Dorienses
916 1092 990 1136 eum
1014 1093 1110 1138 usum
1131 1073 1177 1140 la·
1303 1073 1308 1084 ’

75 1169 147 1237 tius
169 1181 280 1260 patere
305 1171 612 1238 demonstrabimus.

103 1354 108 1370 .
166 1273 265 1340 Aliae
294 1271 515 1338 dubitationes
544 1275 659 1339 borum
691 1272 919 1340 adverbiorum
947 1275 1084 1342 sormam
1103 1286 1178 1342 tan-

78 1385 178 1466 gunt.
223 1374 372 1440 Primum
392 1371 591 1464 Apollonius
614 1386 647 1441 et
667 1373 725 1442 alii
745 1375 910 1442 adverbiis
932 1376 968 1442 iu
992 1401 1012 1442 α
1033 1377 1098 1444 iota
1120 1379 1179 1444 ad-

77 1476 186 1543 scribi
214 1477 398 1561 docent⁸);
435 1477 523 1565 quod
554 1501 653 1566 quum
676 1475 711 1541 in
734 1477 903 1544 codicibus
924 1488 957 1544 et
978 1479 1179 1547 editionibus

78 1577 279 1668 saepissime
310 1579 519 1668 negligatur,
555 1577 589 1643 in
620 1577 727 1646 titulis
748 1577 883 1645 Doricis
905 1579 1028 1671 ubique
1048 1605 1178 1649 accura-

77 1680 212 1748 tissime
243 1693 401 1748 scrvatur.
456 1679 573 1771 Neque
601 1680 687 1764 iota,
719 1680 756 1746 in
783 1694 875 1770 parte
904 1681 1019 1748 saltem
1047 1683 1192 1751 illornm‘

77 1782 332 1861 adverbiorum,
369 1781 652 1872 grammaticorum
684 1782 866 1873 praeceptis
900 1781 1036 1867 deberi,
1070 1785 1128 1852 aed
1161 1811 1179 1853 e

78 1909 211 1952 summa
231 1883 425 1973 antiquitate
446 1897 613 1975 acceptum
626 1907 719 1968 esse,
740 1907 806 1950 vox
826 1885 925 1970 gouel
944 1885 1058 1970 docet,
1081 1911 1178 1978 quam

79 2011 159 2055 cum
182 1986 252 2054 illis
274 1985 540 2074 cognatissimam
562 2010 637 2054 esse
658 1995 801 2076 apparet.
838 1983 994 2052 Ultimam
1016 1987 1052 2052 ia
1066 1994 1177 2072 παντᾷ,

81 2089 182 2171 oilli,
211 2090 275 2168 6πᾷ
303 2111 321 2152 ι
342 2085 562 2154 Doriensibns
590 2087 831 2154 circumflexam
852 2107 926 2154 esse
947 2109 1045 2178 supra
1067 2089 1179 2156 doeui·

79 2217 157 2259 mus
179 2189 212 2274 §.
237 2191 278 2275 3,
300 2187 352 2258 1⁰.
396 2188 621 2280 Lysistratae,
643 2189 790 2258 Pindari
803 2187 1026 2255 etv'l'beccriti
1048 2189 1179 2259 codices

79 2293 240 2362 Doricam
266 2290 399 2358 tonosin
430 2315 558 2358 servare
587 2293 695 2360 solent
725 2292 760 2358 iu
788 2294 908 2372 παντᾷ,
942 2290 1119 2383 negligunt
1145 2291 1180 2358 iu

78 2397 144 2464 reli
195 2394 237 2462 is.

146 2419 242 2562 qlaur
264 2495 401 2562 istorum
423 2495 651 2564 adverbiorum
673 2494 709 2560 in
731 2493 838 2560 titulis
859 2493 939 2560 baec
960 2493 1108 2582 exempla
1130 2519 1179 2562 re·

80 2597 277 2692 periuntura
310 2596 444 2664 lleracl.
475 2597 512 2683 1,
535 2599 577 2666 93
605 2597 822 2664 πεντεκαίδεκα
842 2597 949 2661 ποδοῖν
970 2599 1071 2676 παντᾷ
1098 2595 1122 2661 i.
1147 2620 1177 2662 e.

81 2723 429 2794 quoquoversus,
468 2696 504 2780 l,
533 2701 576 2768 93
609 2693 733 2785 (ὅροις)
764 2698 892 2784 τέτορας
922 2695 1093 2782 ἀπέχοντας
1122 2694 1179 2761 ἄπ’

82 2802 223 2870 cilloilorr
246 2799 266 2882 ᾇ
287 2805 342 2883 μὲν
363 2800 529 2886 τριάκοντα
550 2800 669 2879 πόδας,
694 2797 714 2882 ᾇ
738 2801 770 2864 dd
784 2800 893 2865 Mean
916 2797 985 2866 i.c.
1008 2799 1051 2864 iu
1073 2799 1180 2866 alte·

81 2928 167 2972 ram
189 2913 349 2993 partem
371 2941 411 2952 -
433 2903 469 2968 iu
492 2904 685 2986 alterans
708 2901 844 2990 Corcyr.
862 2899 945 2968 1⁹07
965 2899 1000 2965 in
1019 2903 1179 2990 epigram·

81 3015 170 3074 mate
193 3003 326 3070 metrico
346 3003 465 3070 mixtae
488 3003 620 3070 dialecti
644 3001 729 3086 ᾇμέν
748 3043 790 3054 -
813 3000 882 3084 ᾆδε·
900 3001 1057 3068 nauslato
1079 3025 1180 3086 sensu

83 3132 165 3200 qua
187 3127 349 3196 -que,
372 3109 534 3173 einerseits
555 3147 597 3158 —
618 3107 813 3181 aodersea'ts,·
838 3101 975 3193 Corcyr.
1002 3101 1181 3188 1845,128

84 3213 112 3276 ri
143 3208 182 3272 δέ
205 3231 253 3282 τις
281 3203 498 3292 προστατέσαι
527 3210 570 3284 εἰς
598 3209 670 3274 ἄλλο
696 3233 726 3272 τι
755 3209 1020 3290 καιαχρησθῆμεν
1041 3204 1062 3283 η’
1084 3229 1181 3268 κατα-

83 3309 239 3398 χρήσαιιο
265 3306 342 3391 oillei
361 3335 424 3390 πᾳ,
449 3307 508 3374 ubi
530 3307 606 3390 ἅλλᾷ
625 3332 674 3392 πᾳ
693 3317 852 3398 potestate
875 3307 960 3372 nibil
982 3307 1052 3372 lere
1073 3303 1182 3370 differt

84 3413 125 3479 al)
158 3412 202 3486 εἰς
227 3408 299 3476 ἄλλο
320 3437 350 3476 τι
379 3421 434 3478 aul
459 3411 501 3476 ab
531 3409 629 3487 ἄλλως
656 3435 743 3494 πως,
775 3409 894 3497 Αεῑῃι.
918 3406 1002 3474 2483
1031 3404 1181 3486 ἀνάθημα

86 3513 242 3594 ἀναθέμεν
264 3513 327 3593 ὁπᾷ
355 3539 395 3576 κα
422 3511 522 3601 χρῄζῃ
548 3516 606 3588 τοῖς
635 3510 752 3596 ἀγορᾶς
786 3507 836 3597 (in
860 3507 1053 3598 Corcyraeis
1074 3505 1182 3574 titulis

86 3639 187 3705 supra
207 3637 258 3678 nr.
283 3615 301 3680 1
325 3616 396 3680 dori
414 3615 455 3682 ad
477 3613 676 3682 simillimam
698 3612 872 3680 formulam
895 3609 1077 3676 adhibitum
1098 3607 1182 3672 vidi·

86 3719 198 3800 mns);
224 3713 314 3782 Cret.
337 3717 443 3799 2554,
465 3717 507 3782 75
528 3713 590 3792 coir
608 3719 705 3796 παντᾷ
724 3713 827 3797 νόμως
847 3713 966 3803 leges
988 3711 1066 3776 bne
1087 3729 1181 3798 spe·

87 3828 281 3898 ctantes,
312 3817 436 3883 ibidem
465 3817 499 3882 in
528 3816 642 3884 linium
670 3814 893 3906 descriptione
919 3813 944 3880 l.
970 3810 1033 3879 110
1065 3809 1097 3886 lc
1124 3807 1181 3875 cris

94 3948 353 3986 --—-—O-—

121 4079 152 4144 θ)
188 4073 285 4145 Apoll.
298 4075 334 4128 de
347 4075 409 4128 adv.
430 4075 491 4134 615,
512 4031 540 4128 1.Ι
570 4076 603 4145 τῇ
621 4071 664 4124 sot
681 4073 820 4129 tremende
837 4067 869 4122 ed
888 4071 926 4141 πῇ
944 4067 987 4120 καὶ
1005 4067 1043 4118 tas
1057 4063 1089 4118 ed
1107 4062 1183 4134 ἄορν-

89 4165 192 4222 mdaic
207 4157 275 4235 bug,
301 4162 505 4233 προπνθιμὲνοιν
521 4161 569 4213 sori
587 4161 616 4219 ἲ,
642 4156 731 4214 andala
748 4153 824 4225 anisi
843 4155 988 4224 παράδοσις
1005 4151 1132 4218 ὅμοὶυνιῖ.
1151 4175 1184 4190 -·

89 4251 305 4306 choeroboscos
324 4248 352 4300 in
372 4248 417 4302 Et.
437 4247 477 4302 Μ.
497 4249 541 4312 78,
559 4246 593 4300 ts
612 4245 669 4300 iota
687 4242 787 4298 instrui
803 4243 882 4312 iubet
899 4237 982 4315 ἄλλῃ,
999 4237 1103 4311 πάντῃ,
1122 4257 1183 4310 mo-

90 4341 138 4411 ej,
155 4337 273 4410 σπουδῇ,
293 4331 359 4408 slepi,
378 4324 446 4408 inp,
464 4337 512 4406 πῇ.

1 4527 2 4538 g
126 4449 172 4518 11.
335 4411 341 4426 ’
608 4479 609 4484 ¹
941 4441 984 4506 ra
