2862 4808
229 371 306 448 420
473 370 507 464 §.
528 369 588 448 40.
642 371 699 444 De
720 368 906 444 severiore
930 369 1080 446 Doride.

231 573 367 664 liuguae
387 585 597 643 mouumenti
620 585 815 663 supersunt,
837 571 982 640 Doricos
1002 574 1140 640 colonus
1160 571 1332 663 occepisse

232 699 301 742 nou
323 684 469 760 constat,
491 675 589 748 unies
610 676 751 742 'fortusse
765 673 887 744 otinas
902 674 1157 764 Cydonisterum
1178 687 1332 764 exceptu,

232 777 331 864 cujus
351 777 387 842 iu
408 801 489 868 egro
508 777 626 844 titulus
654 799 706 846 ur.
729 776 815 844 2558
843 787 991 865 repertus
1020 787 1090 860 ιιι,
1123 801 1198 842 nem
1220 777 1333 866 Cydo-

231 878 320 944 uiem
340 877 578 970 uliqueutisper
597 879 780 970 Aeginetis
801 889 974 946 mouerunt
996 877 1064 944 vid.
1082 877 1209 946 ttosct.
1235 877 1332 944 Cret.

319 1179 505 1249 Severiorie
526 1178 664 1248 Doridis
690 1202 750 1268 per
778 1201 909 1246 omnem
929 1176 1059 1244 Cretum
1087 1199 1154 1242 non
1184 1200 1247 1242 uns
1276 1200 1332 1242 ea-

234 1284 374 1373 demque
395 1282 524 1373 speeies
543 1282 690 1367 redebet,
727 1281 785 1348 sed
806 1280 894 1348 haud
914 1281 1004 1347 leves
1027 1288 1215 1370 spectantur
1236 1278 1334 1344 diffe-

233 1383 382 1465 rentiue,
413 1384 487 1470 ejus
511 1393 618 1452 tumen
649 1382 802 1472 grumis,
836 1405 919 1471 quse
945 1393 1048 1450 certus
1070 1381 1227 1471 quasdam
1250 1379 1333 1448 Cre·

235 1485 320 1552 tiene
342 1484 475 1552 dialecti
496 1483 624 1576 species
645 1495 795 1552 uccumtc
816 1483 961 1550 discerni
983 1507 1049 1552 non
1071 1484 1272 1574 permittent.

320 1686 523 1754 Gravissime
545 1683 730 1753 differentia
758 1685 794 1752 in
815 1684 1001 1754 accusetivo
1022 1685 1143 1775 plureli
1166 1683 1332 1752 secundae

237 1789 468 1858 declinetionis
489 1796 633 1878 spperet.
686 1787 852 1854 Ltcouice
872 1787 960 1854 euim
982 1798 1014 1854 et
1034 1786 1196 1853 ltuiiotice
1216 1787 1333 1854 termi-

234 1893 324 1960 natio
347 1917 409 1970 ως,
431 1901 469 1956 ut
490 1888 611 1972 νόμως,
635 1889 670 1954 iu
693 1889 765 1962 solo
786 1888 955 1956 Lutiorum
978 1902 1012 1955 et
1032 1889 1241 1956 Olontioruus
1260 1891 1331 1956 foe·

234 1994 312 2060 dere
341 2017 392 2058 nr.
420 1991 526 2070 2554,
570 1989 660 2080 quod
696 1991 813 2061 horum
849 1992 998 2081 linguam
1031 1992 1155 2058 reterre
1186 1991 1329 2072 videtur,

234 2119 337 2185 quum
363 2091 534 2160 Letiorum
563 2091 729 2158 decretum
758 2117 809 2159 ur.
832 2093 917 2160 3058
949 2093 1088 2162 dialecto
1118 2092 1263 2176 differet,
1297 2105 1331 2160 et

234 2197 271 2264 iu
288 2193 506 2286 Epimenidis'
519 2191 658 2284 epistola
679 2195 882 2284 conspicitur
902 2193 969 2262 vid.
984 2195 1017 2278 ξ.
1034 2195 1090 2280 20,
1104 2195 1180 2262 2.(1.
1215 2193 1330 2278 Quum

234 2309 342 2366 eutem
363 2296 464 2364 iidem
479 2293 608 2362 Olontii
629 2295 864 2362 infinitivorom
885 2296 1145 2366 terminationem
1164 2297 1330 2385 corripere

234 2399 407 2468 videantur
428 2410 465 2464 ut
485 2398 642 2484 ἐξορκίζει
662 2396 731 2465 vid.
753 2397 785 2480 ἓ.
808 2399 871 2481 21,
893 2397 935 2482 6,
967 2399 1002 2464 iu
1023 2398 1185 2466 vocalium
1208 2427 1227 2476 2,-
1249 2409 1282 2464 et
1304 2425 1329 2462 ω

234 2525 296 2592 pro
310 2499 500 2590 vuigurihus
517 2497 731 2588 diphthongis
754 2522 781 2564 ιι
802 2509 836 2566 et
859 2525 896 2565 ου
916 2523 979 2564 usu
1000 2500 1098 2590 piune
1119 2524 1194 2566 cunr
1215 2501 1330 2566 lulio-

234 2603 278 2670 tis
299 2599 500 2692 conspirent.
529 2641 572 2652 -
616 2600 738 2667 Contra
760 2599 910 2690 plerique
933 2600 1141 2670 Cretensium
1161 2626 1237 2668 cum
1259 2603 1330 2693 Cp-

233 2703 363 2772 rcnueis
389 2715 423 2770 et
449 2701 524 2768 eliis
544 2701 764 2771 Doriensibue
793 2713 1008 2770 extremorum
1037 2704 1235 2794 splieberum
1257 2727 1329 2770 cor-

236 2804 398 2896 reptionis
414 2815 578 2888 ementes,
602 2801 657 2879 τός
669 2802 763 2886 νόμος
777 2805 962 2893 proferunt,
985 2829 1070 2896 quse
1090 2805 1173 2873 rstio
1195 2821 1329 2897 apprret

234 2907 270 2972 in
298 2905 396 2972 titulo
423 2904 641 2996 Hiempptnio
670 2928 721 2970 ur.
744 2905 848 2990 2555,
881 2906 1012 2975 foedere
1040 2907 1267 2975 Prisnsiorum
1294 2921 1330 2976 et

234 3006 525 3098 Hierapytuiorum
548 3031 600 3074 nr.
623 3005 728 3090 2556,
760 3006 795 3072 in
824 3031 890 3098 quo
917 3009 1033 3090 horum
1055 3010 1169 3100 lingue
1192 3013 1327 3100 agnosci

232 3133 332 3202 posse
353 3107 503 3192 videtur,
525 3109 561 3174 in
581 3108 722 3176 decretis
736 3108 869 3176 Minose
882 3109 1137 3198 Cydonieterum
1159 3137 1209 3178 ur.
1228 3113 1325 3198 2558,

233 3211 401 3278 Arcadum
422 3236 474 3278 ur.
497 3211 603 3295 3052,
633 3209 846 3278 Cnossiorum
868 3213 963 3279 3053.
986 3212 1037 3296 Α,
1066 3213 1211 3282 incertue
1233 3215 1326 3282 urbis

233 3337 286 3380 ur.
309 3312 404 3382 3053.
432 3313 500 3379 C.·
527 3313 672 3380 Eosdem
698 3311 839 3403 populos
868 3313 904 3380 iu
926 3314 1098 3382 infinitivis
1120 3319 1326 3408 correptione

234 3415 283 3481 uti
311 3426 566 3482 cousentaneum
595 3427 664 3500 est,
696 3414 765 3480 vid.
795 3414 828 3498 §-
850 3417 917 3500 21,
947 3417 979 3483 1.
1001 3415 1034 3482 0.
1068 3455 1110 3468 -
1153 3419 1325 3488 Postremo

234 3515 292 3584 ulii
315 3517 489 3584 Cretenses
515 3513 775 3611 antiquissimum
804 3518 980 3584 accusetivi
1009 3519 1146 3586 formum
1174 3519 1246 3598 οόνς
1273 3523 1325 3590 sd-

233 3643 310 3700 μονς
332 3628 522 3701 ocurrunt,
542 3640 609 3684 non
629 3617 740 3686 miuus
758 3617 840 3686 alin
861 3641 1079 3688 consonarum
1098 3621 1230 3690 iiiurnm
1252 3648 1324 3692 cum

232 3719 371 3810 Argivis
399 3719 581 3810 potientes,
623 3729 661 3784 ut
686 3719 811 3798 οιθέος,
843 3715 967 3801 udone,
1001 3723 1207 3809 ὑπάρχονοο,
1242 3751 1323 3816 quse

232 3823 319 3909 opud
348 3821 493 3911 reliquos
517 3819 692 3906 Cretenses
722 3819 815 3900 ιιθής
843 3823 899 3892 vel
918 3823 1026 3903 τιθιό,
1062 3830 1149 3891 uduo
1171 3839 1204 3892 et
1224 3827 1323 3913 ὑπάρ-
1421 3823 1422 3826 '

229 3947 319 4008 χωοο
342 3919 504 3990 sonorem.
560 3921 739 4012 Reperitnr
758 3945 797 3989 eu
817 3924 902 3992 retis
923 3925 960 3992 in
983 3925 1123 3996 decretis
1144 3927 1322 3998 Vuiorum
1421 3941 1422 4002 i

231 4047 283 4088 nr.
307 4023 391 4090 3050
412 4035 444 4090 et
464 4023 637 4116 Letiorum
656 4049 707 4090 ur.
725 4025 833 4108 3058,
857 4049 875 4092 ι
898 4029 1118 4116 premmeticis
1140 4029 1225 4098 mule
1246 4031 1323 4098 Cre·

231 4124 316 4194 tiene
337 4113 476 4192 disiecto
498 4124 536 4192 iu
552 4121 750 4196 'uuiversum
766 4128 924 4196 tribuitur
943 4131 1011 4198 vid.
1026 4131 1059 4215 ἕ.
1072 4133 1126 4200 14.
1173 4133 1322 4201 Ceterum
