2862 4808
337 377 370 472 s.
395 376 456 454 ss.
509 377 566 451 ue
591 374 740 450 »citiore
765 373 916 451 nosue.
1099 330 1196 452 ur

76 580 263 648 accusativo
280 579 396 668 juncta
418 601 526 670 neque
541 601 582 644 ex
598 576 773 644 Homerica
786 576 903 668 lingna
915 576 1020 666 repeti
1036 589 1176 667 possunt

75 707 186 774 neque
201 709 220 750 e
234 681 416 765 Lesbiaco,
440 703 548 770 neque
570 689 707 770 unaque
728 679 910 770 proprietas
933 679 1032 746 simul
1053 703 1094 746 ex
1112 679 1176 746 alia

76 786 216 852 Doridis
240 784 351 876 speeie
377 794 604 872 praeterquam
630 781 848 872 oDelphica.
898 779 952 848 Ne
978 779 1075 850 elisio
1102 781 1176 872 qni·

77 887 153 954 dem
174 884 431 978 preepesitionis
452 887 524 969 cepi
551 883 623 964 (01.
646 883 717 968 vl,
740 883 783 951 38
802 882 877 970 περ’
900 882 1031 950 ἀτλάτου
1051 883 1175 968 πάθας,

75 987 119 1054 Ρ.
144 988 207 1075 lV,
229 987 293 1056 265
314 986 388 1072 περ’
412 987 528 1070 αὑτᾶς,
550 987 590 1052 Ρ.
613 985 688 1070 ΙΠ,
711 985 753 1052 52
772 984 954 1070 περάπτων,
978 985 1022 1052 Ν.
1047 985 1111 1070 XI,
1133 983 1177 1052 40

75 1089 234 1173 reluctor,
256 1090 300 1154 lr.
318 1088 382 1158 126
402 1075 579 1176 περἰδαῖος)
601 1087 716 1155 eodem
734 1086 814 1174 jura
834 1087 875 1154 ad
890 1087 1086 1156 Leshiaearu
1107 1088 1176 1154 die·

75 1193 199 1260 lectom
220 1191 338 1257 referri
359 1199 488 1282 petest,
510 1215 577 1280 qno
598 1190 639 1256 ad
653 1189 860 1280 Delphicam.
904 1189 988 1257 Nam
1009 1189 1069 1256 illa
1084 1213 1176 1280 prae·

76 1293 278 1385 positionem
299 1303 355 1359 aut
374 1315 520 1382 apocope
541 1291 640 1358 afficit
667 1303 743 1358 ente
771 1313 933 1360 consonae
962 1301 1001 1357 ut
1020 1292 1175 1378 περθέτω,

75 1405 135 1462 ant
154 1417 215 1485 pre
245 1395 312 1461 iota
340 1405 415 1461 ante
444 1395 575 1462 recales
603 1393 686 1461 eliso
715 1418 735 1475 ρ
765 1393 910 1485 geminat
936 1405 974 1460 nt
1001 1395 1176 1480 πέρροχοτ,

77 1495 275 1586 simpliciter
296 1495 372 1562 elisi
400 1496 466 1564 iota
493 1496 680 1586 exemplum
710 1519 778 1563 uon
807 1495 970 1588 reperitur
1001 1495 1071 1562 vid.
1093 1495 1136 1562 L.
1160 1495 1178 1560 1

77 1601 111 1684 5.
126 1599 189 1681 28,
211 1599 245 1665 3.
290 1597 397 1684 Quam
418 1597 503 1666 vero
518 1609 605 1665 seete
626 1596 792 1665 Pindarus
813 1621 888 1664 enm
908 1597 1073 1688 Delphice
1095 1609 1176 1664 teus·

77 1701 136 1792 plo
158 1701 296 1790 junctus
318 1700 442 1782 luerit,
481 1711 615 1792 apparet
643 1723 685 1766 ex
711 1698 902 1790 insignibus
929 1699 1115 1767 honoribus
1143 1709 1178 1766 et

77 1802 155 1869 viro
175 1814 209 1868 et
236 1813 365 1870 mortuo
395 1802 449 1870 dei
477 1803 576 1890 jussu
608 1800 729 1868 hahitis
757 1801 827 1868 vid.
856 1799 1001 1867 Deeehh.
1023 1799 1175 1868 Prooem.

78 1903 213 1994 Explie.
236 1927 271 1996 p.
296 1904 349 1971 17.
380 1941 422 1956 -
466 1902 619 1972 Ceterum
645 1904 730 1970 hane
759 1901 800 1968 de
820 1902 963 1970 Hesiodi
989 1909 1022 1969 et
1042 1901 1178 1969 Pindari

79 2005 233 2074 dialectis
253 2005 481 2098 quaestionem
510 2006 622 2100 potius
649 2002 796 2072 delihere
823 2029 922 2095 vam
950 2003 992 2070 ad
1012 2002 1177 2093 liquidnm

78 2107 258 2198 perducere
278 2107 457 2175 voluimus.

164 2208 202 2276 Si
223 2219 330 2277 tamen
353 2210 393 2276 dc
417 2223 555 2300 nmque
580 2219 670 2274 reete
700 2205 958 2299 disputavimus,
994 2206 1177 2300 Delphicae

79 2311 213 2380 dialecti
243 2311 445 2402 proprietas,
478 2333 562 2402 quse
592 2309 627 2376 in
646 2309 916 2402 Amphietiennsa
944 2310 1076 2380 decreto
1103 2335 1177 2402 spe·

79 2425 207 2496 etatnr,
236 2413 466 2504 antiquissima
488 2423 548 2479 est.
594 2412 718 2480 Eadem
739 2411 853 2502 peullo
875 2421 950 2502 pust
970 2413 1091 2480 aholita
1113 2427 1176 2497 est,

80 2515 167 2584 siin
190 2515 288 2582 titolo
309 2513 473 2607 Delphico
494 2505 546 2582 ur'.
573 2515 657 2583 1696
686 2515 836 2606 lingnam
856 2513 999 2604 Delphis
1028 2539 1067 2582 eo
1097 2527 1177 2582 tenu

78 2641 161 2710 pore
183 2617 379 2684 familiarem
401 2639 582 2707 agnoscere
604 2627 743 2708 oportet.
798 2615 905 2704 Cujus
925 2613 1046 2706 'lingua
1074 2641 1176 2706 quum

78 2719 256 2786 treusitum
276 2743 296 2786 a
316 2717 424 2786 medie
437 2717 563 2786 Doride
585 2718 625 2784 ad
647 2727 811 2784 recentem
832 2717 948 2810 prodat
968 2717 1022 2804 (ut
1042 2721 1175 2806 reicere,

77 2819 290 2906 vespelliones,
323 2821 553 2906 ἐβὸεμήκοντα,
587 2819 693 2896 ὄδελός
722 2831 756 2888 et
783 2831 896 2888 eontra
914 2822 1011 2905 τρεῖς)
1019 2869 1032 2901 ,
1066 2833 1103 2887 ut
1122 2843 1178 2887 ex·

78 2933 180 2992 eunte
202 2923 335 2990 saeculo
356 2934 471 3014 quarte
495 2922 636 3012 scriptus
658 2945 732 2989 esse
753 2922 921 3006 videatur,
949 2923 1045 2990 ‹ehest
1073 2923 1178 3012 qood-

78 3049 145 3116 qne
166 3025 350 3116 Delphicae
371 3025 581 3116 proprietatis
600 3024 797 3114 vestigium,
827 3035 864 3090 ut
883 3024 1086 3092 recusatione
1109 3023 1172 3090 ὀδε-

78 3126 155 3203 λοὺς
176 3139 289 3211 sonat,
321 3151 387 3196 neu
411 3125 530 3202 ridetis.
574 3125 645 3192 Nee
666 3125 777 3192 minus
799 3126 998 3194 recentiores
1019 3127 1178 3216 Delphici

77 3227 170 3295 tituli
192 3251 328 3312 omnes,
361 3229 448 3296 iuter
469 3253 553 3320 quos
575 3253 626 3294 ur.
653 3227 736 3295 1693
758 3251 844 3296 enno
864 3229 928 3296 275
949 3229 1092 3318 scriptus
1114 3239 1177 3305 est,

78 3330 223 3396 dialecto
264 3331 349 3398 nihil
383 3353 458 3399 enm
497 3330 635 3422 reliquis
668 3330 980 3420 septentrionalibus
1012 3330 1176 3396 differunt.

76 3431 226 3499 hlutataa
254 3431 387 3500 dialecti
415 3457 544 3500 eausam
573 3432 615 3498 ad
636 3431 857 3499 phocensium
880 3457 939 3525 per
961 3455 1087 3499 sacrum
1109 3433 1179 3498 hel·

76 3535 150 3602 lruu
172 3533 428 3604 dominationem
451 3559 518 3600 uon
541 3547 663 3600 temere
684 3533 850 3600 retuleris.
902 3533 1042 3602 Rectius
1070 3545 1178 3605 umen

78 3634 457 3818 Ἣ
482 3636 544 3703 140
570 3659 629 3726 per
657 3635 795 3726 longum
824 3647 952 3725 tempus
973 3635 1177 3724 Delphorum

78 3735 256 3826 imperinm
452 3737 554 3822 z<vict
573 3738 727 3804 Deceleh.
760 3737 802 3804 ad
831 3737 872 3804 C.
896 3738 925 3802 1.
956 3760 1007 3802 ur.
1032 3737 1115 3804 1694
1144 3747 1179 3803 et

80 3815 402 4017 ψ
423 3819 638 3906 ΒὴῖιῖἬοτ.
664 3840 698 3906 ll
726 3863 760 3930 p.
785 3837 885 3926 115),
915 3839 1063 3926 linguans
1085 3861 1177 3906 suam

66 4013 84 4026 ᾗ
214 3941 319 4032 elphis
340 3942 599 4011 communicasse
622 3939 906 4008 existimabuntur.

165 4039 205 4128 6)
244 4043 463 4112 Insularis
484 4031 643 4129 Doridis,
666 4067 751 4134 qnae
772 4043 807 4108 in
825 4039 1027 4133 Sporadihus
1041 4042 1178 4110 Derieis

83 4143 264 4235 reperitur,
297 4144 441 4236 insignis
468 4145 606 4213 varietas
636 4155 699 4211 cst.
754 4143 916 4210 Universa
943 4143 978 4208 id
1004 4165 1178 4214 commune

85 4247 198 4328 hahet,
224 4246 313 4340 quod
333 4245 375 4316 sd
396 4245 527 4318 vocales
548 4271 581 4314 ao
596 4245 711 4314 lonico
727 4269 817 4313 mors
829 4245 864 4310 iu
879 4269 913 4311 ευ
927 4245 1177 4334 conjungendas
