2878 4814
239 303 242 310 Ι
313 327 352 422 §ss
369 325 430 408 48.
482 329 540 404 De
565 328 714 404 mitiore
740 329 889 406 Doride.
1076 333 1152 414 403
1201 319 1202 322 ¹

22 533 108 618 jam
133 541 233 598 antea
254 529 290 596 in
311 529 394 596 isera
404 579 416 610 ,
450 533 600 612 Priscu,
624 533 722 598 ιῖιιατι
742 531 887 616 abierat,
915 533 1148 620 τισσαράασνια

26 657 97 725 pro
134 630 351 718 τετρῶασντα,
387 633 600 716 ἑβδομήκοντα
627 655 689 726 pro
723 633 933 720 ἑβδιμῆιισιαα
943 685 955 714 ,
989 637 1148 706 διακόσιοι

29 759 100 827 pro
127 734 308 806 dscsdtsos.
339 733 539 820 τετρακόσιοι
566 737 621 808 vel
646 736 894 820 τεσσαρακόσιοι
914 761 976 826 pro
997 740 1147 823 τετρακα-

30 863 102 904 τιοι
127 837 309 928 etreliqua
333 837 407 924 ejus
429 837 573 927 generis·
605 879 648 894 -
691 839 731 906 ln
760 839 995 930 conjugatione
1022 841 1146 930 primae

32 963 206 1030 personnae
227 939 366 1029 pluralis
387 939 576 1008 terminatio
595 965 651 1024 pec
671 965 746 1008 raro
766 953 891 1010 servata
905 953 968 1008 est.
1011 941 1145 1012 Tertiae

32 1041 185 1131 pluralia
205 1041 472 1131 imperativus-um
495 1041 743 1134 antiquissime
764 1043 1012 1110 terminationes
1032 1070 1091 1109 no
1113 1059 1158 1130 et¹

37 1154 116 1210 σθω
134 1143 208 1230 jam
231 1155 326 1212 autea
348 1143 383 1210 iu
406 1145 578 1212 nonnuliis
599 1145 779 1234 generibus
801 1145 930 1212 stiuale
944 1144 1145 1234 asciverant,

35 1269 164 1312 reeens
185 1243 289 1314 Doris
310 1245 480 1337 longiores
501 1247 749 1316 terminationes
769 1273 874 1315 τωσαι
894 1258 928 1312 et
950 1256 1082 1312 nonnas
1102 1249 1147 1316 il-
1258 1285 1261 1288 ·

36 1349 84 1414 lis
107 1348 309 1444 admiscuit,
331 1371 417 1440 quac
438 1350 596 1420 maturius
618 1349 652 1418 iu
669 1349 781 1418 Attica
803 1349 944 1428 dialecto
966 1349 1145 1439 deprehem

35 1449 170 1518 duntur
191 1449 258 1518 vid.
282 1449 315 1534 ἓ.
339 1451 400 1536 36,
422 1452 456 1520 d.
480 1491 523 1506 -
565 1451 851 1544 Praepositiouum
872 1473 1017 1543 apocope
1037 1451 1140 1520 absti-

38 1565 144 1620 netur
166 1539 235 1621 sid.
256 1553 290 1640 §-
313 1554 368 1622 43.

130 1709 239 1776 Vides
260 1731 327 1776 non
348 1719 471 1776 temere
492 1707 615 1776 Dorica
636 1707 760 1776 Atticis
780 1707 882 1774 mixta
902 1731 995 1792 esse,
1017 1705 1075 1775 sed
1096 1709 1146 1778 ie-

41 1837 106 1900 ges
137 1812 294 1902 quasdam
321 1810 492 1904 conspici,
525 1810 647 1900 quibua
676 1809 740 1876 alia
763 1809 926 1902 muninus
944 1809 1065 1877 Doridi
1086 1836 1142 1902 pe·

42 1913 185 1982 culiaria
200 1913 358 2006 religiose
373 1923 560 1990 servantur,
584 1911 649 1980 alia
669 1912 705 1979 iu
719 1911 869 1978 Astttdis
893 1911 1143 1980 similitudinem

42 2015 269 2108 abripiuntur.
316 2015 385 2082 Gur
407 2015 537 2103 singula
559 2038 710 2106 quaeque
730 2025 787 2081 aut
802 2023 922 2080 mutata
944 2025 1000 2080 aut
1020 2023 1145 2081 retenta

43 2121 136 2202 sint,
171 2120 250 2184 satis
280 2117 445 2210 explicare
475 2140 541 2182 non
569 2117 728 2184 valemus.
771 2115 961 2184 Numer-alia
991 2117 1086 2188 etiam
1109 2117 1145 2182 in

42 2222 210 2288 hodierno
241 2219 393 2288 Sassicae
423 2217 555 2286 dialecti
583 2243 668 2304 usu,
709 2218 740 2284 si
769 2229 857 2285 recte
884 2217 1143 2300 observavimus,

44 2349 87 2391 eo
111 2309 300 2410 inclinant,
322 2335 359 2390 ut
379 2320 600 2389 dominantem
624 2319 805 2414 superioris
829 2319 1022 2390 Germaniae
1043 2319 1143 2390 diale-

47 2439 137 2494 ctum
159 2435 350 2516 sequantur.

540 2666 573 2752 s.
596 2667 652 2738 ιι.

394 2823 455 2876 nc
473 2825 624 2878 nttture
641 2823 797 2877 Doctae·

135 2973 168 3048 1)
200 2969 366 3038 Mitiorem
388 2969 547 3040 Doridem
568 2995 639 3054 eam
661 2970 826 3050 diximus,
847 2995 931 3061 quae
952 2973 1143 3044 declinatio·

54 3075 107 3144 nis
128 3073 290 3142 secundae
312 3073 493 3162 genitivum
514 3096 590 3142 cum
609 3073 749 3142 Atthide
777 3072 814 3139 iu
842 3100 879 3140 συ
906 3077 1076 3154 terminat,
1108 3087 1145 3144 ut

55 3185 165 3256 ἵππου,
195 3187 229 3244 et
250 3175 385 3245 omnino
406 3175 590 3242 Atticarum
613 3176 891 3266 diphthongum
913 3200 941 3242 ιι
962 3189 995 3244 et
1015 3203 1052 3244 oe
1073 3201 1145 3246 mu·

56 3279 174 3346 tatione
196 3276 231 3344 in
254 3305 273 3357 η
296 3289 329 3344 et
352 3303 377 3344 οι
398 3276 553 3344 abstinet.
596 3277 695 3356 Atta,
718 3277 755 3342 iu
777 3276 901 3368 quibus
921 3279 1032 3346 miuus
1048 3303 1145 3370 qnam

56 3383 197 3448 severior
218 3377 321 3448 Doris
342 3379 383 3446 ab
402 3379 541 3448 Atthide
565 3377 726 3462 discedit,
759 3377 795 3444 iu
815 3392 973 3469 sequente
994 3403 1145 3471 peragra-

55 3485 119 3574 pho
151 3481 364 3572 apparebunt.
425 3481 621 3572 Digamma,
663 3480 753 3574 quod
784 3479 968 3570 antiquiore
996 3493 1144 3572 tempera

55 3609 153 3676 aeque
184 3607 222 3652 ae
257 3583 403 3652 severior
430 3581 532 3652 Doris
560 3584 842 3676 frequentaverat,
875 3607 935 3673 per
966 3583 1143 3653 secundam

57 3683 186 3753 aetatem
216 3685 251 3750 iu
280 3685 411 3752 Atticae
442 3683 574 3754 dialecti
602 3685 855 3754 similitudinem
880 3683 1047 3772 abjectum
1074 3698 1144 3772 est,

59 3786 168 3878 scripti
190 3787 325 3876 quiden
340 3797 465 3856 certum
484 3785 674 3877 sxa-ptum
691 3809 759 3856 uon
774 3797 942 3876 superstes
956 3797 1020 3870 est,
1042 3809 1145 3878 quum

9 3923 27 3994 Ι
57 3887 252 3982 pronuntiati
283 3899 339 3956 aut
365 3889 490 3956 Mamm
519 3889 708 3958 excusantis
728 3888 816 3979 apud
837 3886 1070 3975 Epicharmium
1091 3911 1147 3954 ve·

60 3991 151 4082 stipis
171 3989 329 4080 quaedam
349 3990 584 4084 reperientem
611 3988 684 4058 Soli
697 3988 836 4081 Argivi,
858 3987 1060 4078 Pamphylii,
1085 3987 1148 4079 Sy-

59 4093 202 4161 racusani
222 4091 258 4158 iu
279 4091 399 4160 mediis
420 4093 559 4160 vocibus
582 4090 796 4184 aliquoticsd
816 4090 852 4157 iu
874 4089 1002 4180 ntiqui
1024 4091 1149 4180 digam-

59 4197 102 4264 mi
132 4197 240 4264 locam
271 4205 478 4286 acceperunt.
539 4191 614 4262 dam
650 4192 799 4283 singutas
831 4189 973 4260 mitioris
1009 4190 1155 4268 Doridis
