3342 4822
379 399 456 480 238
481 355 485 364 -
755 407 812 480 De
837 403 1087 482 declinatione.

382 610 519 692 Πριηνῖς
547 609 645 676 Coro·
668 611 764 693 1812)
796 623 829 678 nt
856 611 969 680 ultim·
999 623 1147 706 correpte
1175 613 1263 697 ispe’c
1295 613 1418 703 Cyrea.
1441 617 1471 698 l,

380 709 447 777 vid.
470 709 503 793 ἓ.
525 712 586 796 21,
608 711 641 778 3.

465 813 499 886 8)
542 812 787 880 Femininorum
819 813 855 878 in
877 840 902 878 or
923 827 956 882 et
977 841 1020 891 ως
1042 814 1261 906 genitivus
1288 815 1324 884 in
1345 815 1472 886 mitiore

380 914 506 982 Doride
528 917 695 1006 uolgarem
716 915 978 984 terminationem
1000 917 1183 1003 sochehet,
1206 929 1243 983 ιιι
1260 916 1337 994 ἀοῦς
1352 919 1471 1009 Epion.
1547 985 1548 1014 p

380 1017 423 1084 82
444 1017 483 1084 ab
506 1016 589 1100 ἠώς,
611 1021 778 1103 Συρακοῦς
797 1016 916 1110 Epion.
936 1017 1018 1097 166,
1041 1023 1159 1096 Κλεοῦς
1179 1019 1301 1110 Delph.
1326 1019 1423 1104 1705,
1442 1045 1472 1106 s,
1547 1055 1548 1094 ι

379 1117 550 1204 'Anactorie
573 1119 675 1203 1705,
698 1121 740 1203 h,
774 1141 882 1212 neque
902 1121 998 1190 aliter
1018 1121 1204 1205 Pindarus,
1232 1121 1299 1190 vid.
1328 1123 1471 1190 Bocelrlr.

378 1221 471 1290 Nou.
494 1221 591 1288 Critt.
614 1222 655 1288 ad
676 1223 775 1312 Pyro.
800 1223 863 1307 1v,
887 1224 960 1296 103.
1005 1223 1158 1294 Severior
1177 1224 1279 1292 Doris
1302 1250 1344 1299 oc
1366 1225 1473 1314 prole·

377 1323 490 1408 rebat,
514 1335 551 1392 ιιι
571 1327 733 1407 Scepsio,
756 1325 824 1394 vit.
848 1325 880 1409 ἕ.
903 1325 958 1409 25,
977 1325 1018 1410 3,
1041 1328 1142 1394 etsie
1162 1325 1269 1412 ’Λχῶς
1288 1325 1419 1394 Mosen.
1439 1327 1471 1394 6.

378 1423 496 1514 Neque
516 1437 624 1494 tomen
646 1437 771 1496 certum
793 1437 863 1511 est,
885 1451 964 1496 num
985 1425 1026 1496 sd
1048 1429 1213 1518 antiquam
1227 1428 1401 1497 dialectum
1422 1452 1473 1494 re·

378 1527 513 1596 ferenda
542 1528 627 1613 sint,
662 1551 745 1619 qnae
774 1530 848 1617 ejus
878 1531 1010 1620 generis
1036 1533 1072 1598 in
1101 1530 1337 1601 recentissimis
1359 1530 1480 1598 *titulis

379 1629 556 1698 Laconicis
578 1629 788 1722 reperiuntur
809 1633 914 1708 Ξιιαῑς
935 1632 1037 1711 1365,
1065 1632 1239 1716 Ἀφροδῶς
1261 1631 1356 1700 1386.
1407 1631 1473 1698 Ει-

379 1731 453 1798 dem
484 1736 571 1798 enim
601 1732 786 1801 terminatio
812 1733 1013 1822 conspicitur
1042 1734 1077 1800 in
1104 1734 1341 1804 recentissimis
1362 1733 1473 1800 titulis

379 1855 492 1900 eorum
514 1834 731 1926 populorum,
764 1833 822 1926 qui
843 1836 973 1908 mitiore
995 1835 1120 1904 Doride
1142 1837 1195 1904 nsi
1218 1847 1315 1919 sont,
1344 1847 1380 1901 nt
1400 1843 1473 1902 Δα-

378 1940 445 2020 usic
472 1935 576 2004 Phoc.
606 1936 647 2004 81
678 1935 743 2020 11.,
786 1943 956 2014 Nessoooic
986 1937 1111 2028 Dolpn.
1144 1938 1247 2022 1710,
1289 1941 1473 2012 Καλιιστιδς

376 2038 477 2106 Locr.
511 2039 614 2121 1763,
648 2037 812 2115 Ἀιιευσαῖς
836 2041 969 2128 Anaph.
997 2042 1104 2120 2181,
1138 2041 1204 2108 vid.
1237 2041 1314 2108 inlr.
1346 2077 1389 2090 -·
1431 2039 1473 2104 ln
1547 2087 1548 2132 3

377 2141 509 2209 decreto
530 2139 811 2230 Amphictyonum
832 2165 883 2208 nr.
909 2141 1011 2224 1688,
1033 2143 1055 2210 8
1075 2143 1199 2235 legitur
1219 2139 1346 2219 Λιιτδς,
1381 2139 1473 2234 quod

377 2255 465 2310 reete
488 2241 635 2310 ultimam
656 2243 820 2332 corripere
843 2243 991 2327 videtur,
1014 2243 1081 2310 vid.
1100 2245 1133 2328 δ.
1149 2245 1205 2327 21,
1223 2245 1254 2312 3.
1299 2243 1473 2309 Postremo

378 2343 626 2412 Cloerobosous
660 2343 695 2410 in
726 2344 770 2410 Η.
800 2345 868 2416 Ad.
894 2346 918 2412 1.
936 2345 1071 2430 268,1ι
1098 2355 1254 2420 testatur,
1290 2344 1473 2412 nonnullos

376 2447 591 2514 Doriensium
623 2444 779 2529 Σαπφόιις
805 2447 971 2537 prolerre,
1003 2470 1144 2538 quocum
1171 2448 1319 2514 conferas
1346 2445 1472 2510 Pinda-

373 2547 481 2616 ricnrn
503 2547 604 2622 Ἀόος
624 2547 720 2616 Nem.
743 2547 811 2625 vl,
835 2548 896 2632 ot,
933 2547 1021 2638 quod
1054 2560 1140 2614 reete
1162 2548 1256 2616 metri
1274 2547 1309 2614 ίιι
1331 2549 1471 2638 gratiam

372 2673 434 2740 pro
455 2649 555 2726 Ἀοῦς
576 2650 762 2718 restitutum
783 2661 844 2716 est.

461 2751 665 2828 Dativus,
700 2763 737 2819 ut
757 2752 878 2842 vulgo,
908 2751 1086 2847 nisi-qnod
1107 2757 1204 2834 Amo
1225 2775 1243 2818 n
1264 2749 1381 2828 Aurei,
1411 2771 1472 2838 op-

374 2853 446 2944 pidi
467 2854 620 2938 nomine,
644 2853 768 2941 legitor
787 2853 823 2918 in
846 2852 935 2920 Cret.
957 2853 1054 2922 2554.

459 2955 748 3024 Λοιιιιιιίιιιι
769 2955 870 3042 vulgo
893 2954 977 3022 nihil
998 2953 1161 3044 discrepat
1181 2977 1255 3020 cum
1267 2952 1380 3018 Attice
1399 2951 1471 3018 dia·
1547 3039 1548 3046 ἵ

375 3058 475 3128 lecto.
533 3056 590 3124 Sic
619 3057 716 3122 etiarn
737 3055 835 3122 Λατώ
865 3055 899 3122 ln
923 3054 1011 3124 Cret.
1035 3055 1140 3141 2555,
1183 3055 1241 3122 sed
1262 3051 1400 3131 Λατδν,
1437 3065 1473 3122 et
1547 3061 1548 3066 ’

331 3138 351 3192 “
375 3147 455 3228 deae
475 3169 508 3226 et
529 3157 642 3248 oppidi
665 3157 805 3240 nomen,
832 3157 953 3246 legitur
974 3155 1062 3224 Cret.
1086 3155 1191 3238 2554,
1219 3155 1340 3238 Ααμιδι
1359 3155 1469 3222 Paos.
1547 3225 1548 3230 ,

373 3261 416 3330 81
438 3259 482 3328 ll.
529 3259 644 3351 ltaque
672 3259 797 3326 receuti
819 3270 965 3350 tempore
986 3259 1166 3326 invaluisse
1186 3259 1332 3342 videtur,
1361 3267 1398 3322 ιιι
1419 3258 1471 3324 1ο-

373 3363 498 3432 misina
520 3363 555 3430 in
579 3388 603 3428 or
625 3361 776 3430 exeuntis
798 3361 976 3428 secundnm
997 3361 1120 3451 primae
1142 3357 1369 3428 deminutionis
1391 3381 1469 3424 ama·

374 3467 496 3554 logiam
517 3465 744 3532 flecterentur
782 3462 925 3545 Σαπφώ,
954 3467 1116 3544 Σαπφιδς,
1146 3465 1289 3543 Scapti,
1325 3459 1471 3540 Σαπφώ
1547 3505 1548 3518 ,

374 3567 461 3632 sicut
481 3565 574 3649 τιμή,
611 3568 722 3647 τιμῆς,
755 3569 848 3652 τιμῇ,
880 3563 987 3648 τιμήν,
1020 3588 1117 3654 quam
1130 3562 1388 3628 declinationem
1409 3583 1471 3626 vo·

373 3693 447 3736 curn
473 3669 510 3734 in
539 3693 563 3730 ω
590 3665 745 3734 nonnulli
778 3665 979 3754 grammatici
1008 3663 1269 3752 antiquissimam
1296 3659 1469 3752 putabant,

372 3770 439 3836 vid.
465 3769 628 3836 Clroerolr.
652 3767 756 3834 Bell.
782 3767 876 3834 1202.
931 3765 1154 3854 Comparanda
1181 3775 1230 3830 cst
1251 3761 1472 3830 usitatissima

372 3872 408 3936 in
432 3871 621 3936 nominibus
642 3869 784 3960 propriis
807 3868 999 3934 masculinis
1020 3866 1172 3933 flexionis
1185 3864 1289 3946 ratio,
1310 3875 1347 3927 ut
1362 3863 1469 3942 Ἴδας,

364 3973 458 4056 Ἴδα,
475 3973 565 4051 Ἴδᾳ,
583 3971 672 4036 Ἴδαν
694 4009 733 4020 -
761 3973 880 4046 Φιλῆς,
909 3973 1003 4046 (Dalii,
1032 3971 1125 4056 Φιλῇ,
1153 3969 1252 4042 &slsis
1271 4003 1314 4015 -
1341 3963 1470 4048 Τάλως,

379 4071 490 4150 Tollo,
519 4071 628 4154 Τάιῳ,
658 4069 784 4148 Τάλων,
807 4069 875 4134 ιίδ.
902 4069 1026 4135 Buttm.
1051 4068 1109 4134 Gr.
1136 4065 1194 4134 Gr.
1217 4067 1249 4151 §-
1274 4065 1316 4134 56
1344 4075 1413 4130 ιιοι.
1432 4067 1469 4150 1,

372 4197 412 4240 eo
435 4173 583 4256 diversa,
619 4170 706 4261 quod
731 4195 747 4244 ς
768 4183 819 4236 est
847 4172 882 4234 in
905 4170 1123 4248 nominetivo,
1162 4193 1226 4236 non
1248 4169 1283 4234 in
1304 4165 1466 4256 genitivo.

370 4273 444 4340 er
469 4271 634 4338 Creticum
656 4271 811 4362 oppidum
832 4270 929 4336 Λατώ
960 4296 1000 4338 cx
1027 4271 1212 4362 antiquiore
1235 4293 1298 4336 osu
1320 4267 1468 4336 dativum
