2844 4806
242 290 343 431 5841
528 272 713 428 'Adtende
741 367 774 426 et
802 352 1037 454 Corrigenda.

243 559 377 630 Elircee
412 561 554 631 similem
583 560 705 652 prodit.
761 560 802 624 ln
835 558 1126 649 Cephalenico
1161 561 1255 628 Add.
1287 587 1337 628 nr.

244 664 374 730 19301.
397 665 537 732 fortusse
559 676 610 732 eet
630 667 724 730 ναῦτα
746 687 808 752 prs
828 661 941 739 ναύτης
968 673 1004 727 ut
1030 663 1065 728 in
1090 661 1248 730 Eleorum
1271 666 1339 730 ioe-

243 767 322 834 dere
349 791 401 834 nr.
431 770 470 834 11
499 767 634 832 τιλιότα.
679 807 720 818 -
768 765 808 830 ln
837 763 1131 832 Chalcedonio
1160 790 1210 832 nr.
1242 768 1338 842 3794,

242 893 340 958 quern
361 894 380 937 e
401 859 559 958 Csylnsio
580 867 750 958 cognitum
771 867 1011 950 hubuermus,
1031 867 1073 932 B.
1094 869 1229 956 corripit
1249 872 1339 932 ateo-

244 977 376 1052 μιιῐιιος
397 995 456 1062 pro
479 976 697 1054 αἰσιμοῶιτες,
721 983 758 1035 ut
780 993 840 1036 nos
862 993 994 1058 quoqne
1016 970 1183 1038 voluimus
1204 996 1239 1061 p.
1264 972 1337 1051 123,

244 1074 303 1142 sed
325 1101 338 1140 ι
358 1099 426 1140 non
446 1099 584 1164 prorsus
604 1074 744 1140 damnet.
779 1072 881 1156 Quod
901 1072 988 1139 idem
1011 1072 1047 1140 in
1068 1073 1216 1140 tribuna
1236 1073 1341 1140 uenti·

243 1177 343 1246 nibus
367 1177 536 1255 Πολητὴας
563 1188 597 1242 et
622 1174 803 1252 Ἰππωιήοις
829 1177 854 1240 l.
878 1176 913 1242 9.
935 1176 974 1240 11
1003 1203 1023 1253 η
1054 1197 1115 1264 pro
1141 1199 1168 1240 ει
1196 1175 1341 1263 posituro

242 1303 316 1346 esse
339 1292 372 1346 et
392 1279 478 1346 illud
499 1301 620 1346 uunren
641 1304 659 1346 e
681 1281 818 1344 πολιτεία
839 1287 951 1344 saturn
972 1277 1156 1360 existimet,
1177 1276 1240 1344 'rix
1266 1300 1342 1365 pro·

241 1383 314 1448 beri
340 1393 469 1472 potest,
501 1404 563 1448 nec
590 1381 697 1468 rengis
725 1381 814 1468 quod
841 1381 867 1444 1.
891 1381 934 1446 18
960 1379 1219 1468 patronymicum
1240 1388 1342 1444 Mese·

242 1483 386 1566 ιράοειος
408 1483 622 1572 nguoscite-
644 1481 865 1546 Thereeus
887 1503 940 1546 nr.
961 1481 1045 1549 2465
1067 1482 1119 1566 1.,
1142 1483 1176 1545 in
1199 1503 1265 1568 qno
1285 1481 1341 1548 rix

241 1609 354 1652 verum
383 1597 434 1652 eet
462 1579 553 1670 οὖροι
573 1589 631 1667 γᾶς
659 1588 705 1663 (v.
729 1585 754 1649 1.
784 1579 976 1667 eupoleon),
1007 1600 1110 1674 muns
1132 1583 1242 1650 Dones
1265 1583 1344 1666 ὅρος

242 1687 397 1756 dixerint.
458 1686 614 1753 Ceterum
647 1686 807 1752 disiectus
838 1686 986 1775 inpure,
1030 1696 1067 1750 nt
1099 1687 1249 1768 φέρουσιν
1278 1711 1342 1774 pro

242 1791 379 1874 φέροιτο.
413 1831 454 1842 -
491 1791 532 1856 In
562 1797 756 1856 testemento
785 1788 955 1877 Epictetrc
983 1813 1035 1852 ur.
1066 1787 1164 1856 2448.
1193 1789 1253 1854 Vl.
1284 1790 1340 1870 12,

239 1893 389 1976 πάροικοι,
420 1891 510 1980 quod
530 1889 717 1957 Meiuelrius
747 1892 783 1956 in
813 1891 942 1975 βάραιιο
963 1890 1082 1980 uenturi
1099 1891 1264 1977 jusserat,
1296 1890 1338 1956 Β.

241 2017 330 2060 nune
353 1995 397 2060 ite
420 2005 543 2058 tutetur
564 2003 601 2058 ut
617 2019 639 2055 π
656 1993 701 2058 sit
720 2017 780 2081 pro
796 2001 817 2075 β
831 1993 994 2081 quomodo
1011 1991 1126 2068 Πὺζαο
1143 2017 1203 2082 pro
1218 1991 1340 2068 Βύζης.

242 2092 287 2163 Et
316 2097 414 2162 nudio
441 2095 476 2160 iu
506 2095 649 2160 nummis
678 2095 833 2183 Byzantii
865 2101 945 2170 Ποζ.
976 2095 1056 2184 legi.
1087 2131 1128 2144 -
1160 2095 1341 2184 Astypa-

240 2199 432 2266 leeensis
455 2199 544 2263 Add.
570 2221 622 2264 nr.
645 2195 743 2281 2491,
766 2220 797 2280 c,
822 2195 880 2261 nbi
901 2197 1109 2282 ἱοιροιοοιρείοι.
1126 2197 1218 2262 -ln
1242 2197 1341 2264 titulo

241 2299 413 2366 Rhodio
432 2299 586 2382 2525,1›
623 2298 996 2387 mopsocrenis«,
1029 2299 1248 2387 quodminus
1270 2300 1343 2366 Dn-

239 2403 344 2468 rieuns
366 2413 418 2468 est
438 2402 504 2468 vid.
529 2403 571 2467 L.
589 2402 634 2466 11·
659 2425 693 2490 p.
710 2401 794 2482 ³77,
816 2423 965 2466 nunocr
984 2401 1190 2468 ¹noent-stione
1206 2402 1341 2466 Frnnsii

240 2506 429 2594 epoprspho
460 2504 507 2568 ὅτι
537 2506 573 2567 δι’
602 2529 644 2566 uo
671 2503 742 2592 legi
768 2502 914 2589 jubetur.
965 2503 1108 2570 Accedit
1135 2503 1341 2570 Rhodiorum

245 2606 412 2674 decretum
440 2607 482 2672 nd
513 2605 699 2694 Cyzicenos
728 2629 781 2670 nr.
809 2603 913 2686 3656,
943 2603 1002 2669 ubi
1027 2605 1172 2672 notabile
1195 2617 1264 2686 est,
1294 2607 1342 2670 ἐπ’

239 2711 348 2792 ἱερέως
369 2705 434 2792 (Bt
447 2729 514 2772 non
533 2718 622 2774 recte
645 2707 782 2795 corrigit
802 2705 869 2790 im)
890 2707 934 2772 ef.
958 2731 991 2796 p.
1016 2707 1068 2774 39.
1091 2707 1172 2790 551,
1193 2721 1226 2772 et
1246 2709 1272 2773 1.
1299 2711 1341 2774 15

240 2805 359 2886 ederae,
384 2809 472 2898 qnod
489 2832 555 2874 nou
571 2809 726 2875 nudemus
743 2834 818 2876 curn
831 2807 999 2876 Boeckhio
1016 2809 1053 2874 in
1069 2808 1176 2884 ἐόντας
1191 2821 1340 2892 nuture3

240 2911 360 2978 deiude
380 2909 615 3000 inscriptiones
637 2935 790 2978 vesorum
810 2911 961 2978 fictilium
980 2911 1100 2978 ottus
1121 2925 1339 3000 repertorum,

239 3035 379 3102 qnorum
403 3015 444 3080 de
466 3013 595 3103 origine
614 3013 782 3080 Rhodion·
803 3013 948 3080 ttxtous
964 3039 997 3102 p.
1017 3013 1104 3080 5532
1127 3011 1290 3096 noscet,
1312 3017 1337 3080 l.

240 3114 290 3190 (in
322 3114 456 3180 sinistre
486 3126 537 3180 est
564 3126 663 3204 ceput
691 3115 872 3198 redictum,
901 3115 991 3204 quod
1021 3115 1112 3181 Sedis
1131 3115 1338 3182 Rhodiorum

239 3215 293 3282 dei
315 3239 388 3282 esse
410 3217 576 3296 existimo)
605 3219 656 3281 ἐπὶ
682 3216 898 3300 Ξειοφοὶιιυς,
929 3241 980 3281 nr.
1002 3215 1103 3298 2⁰85,
1124 3239 1159 3280 tu
1187 3215 1340 3302 Ἀριοτο-

238 3319 388 3402 κράτεος,
420 3317 479 3410 qni
507 3320 597 3385 tituli
625 3319 730 3384 eciem
758 3331 902 3384 nostrum
931 3320 1106 3408 fugerent,
1135 3332 1169 3382 ct
1189 3319 1277 3384 Add.
1298 3343 1334 3408 p.

239 3419 325 3488 10⁰⁰
355 3445 406 3486 nr.
443 3421 466 3488 2
497 3421 744 3502 Δαμοκράτους,
779 3445 829 3486 nr.
864 3421 884 3487 5
917 3421 966 3484 ἐπὶ
993 3419 1240 3502 ”Α....θιμιος
1266 3421 1336 3507 leg.

238 3521 497 3608 'Apionods'peoo
510 3557 550 3572 -
568 3521 736 3588 Cretici
759 3521 849 3587 tituli
867 3522 902 3588 iu
918 3521 1095 3590 Addeudis
1109 3534 1338 3590 secessmotz
1415 3535 1416 3548 ¹

237 3623 366 3690 ludicii
389 3624 429 3690 de
450 3624 574 3690 finibus
594 3624 831 3690 lteniorum
851 3635 885 3690 et
905 3623 1284 3713 Hierapytniornrn
1307 3649 1339 3690 ι.

237 3723 380 3793 58-57
407 3750 437 3791 ι.
473 3725 552 3792 cur.
581 3725 640 3792 leti
668 3749 719 3792 nr.
746 3726 895 3810 2561,1
922 3750 997 3816 pers
1025 3749 1068 3792 er
1096 3726 1340 3816 antiquioribus

237 3827 352 3898 finium
379 3827 467 3893 inter
494 3828 749 3918 Hierapytnios‚
782 3827 926 3910 ltnuios,
957 3828 1153 3917 Dusporia,
1184 3829 1342 3895 Preceios
1415 3843 1416 3902 j

238 3929 516 4019 descriptionibus
543 3931 645 4020 petite
672 3931 698 3997 1.
721 3929 860 3998 58-66
882 3929 1010 3999 Doride
1035 3931 1201 3998 severiore
1222 3932 1339 3996 utitur.

159 4091 164 4102 .
239 4029 307 4096 Ubi
334 4053 403 4098 non
431 4032 530 4099 credo
557 4037 679 4098 ΩΡΟΙ
702 4042 790 4099 recte
817 4057 878 4122 pro
900 4027 981 4118 ὦροι
1001 4032 1026 4099 i.
1049 4057 1088 4106 e.,
1105 4027 1198 4118 οὖροι
1219 4033 1340 4120 accipi,
1415 4015 1416 4102 1

238 4155 340 4221 quum
362 4132 547 4199 Dorienses
570 4135 641 4216 ὅροι
663 4134 809 4201 dixerint
828 4146 886 4200 eut
907 4134 997 4221 ὅροι,
1029 4147 1064 4200 nt
1086 4145 1137 4202 est
1159 4133 1193 4198 in
1216 4134 1341 4201 bbulis
1415 4157 1416 4178 ¹

239 4233 537 4319 Herceieensibus‚
568 4235 627 4300 sed
655 4236 735 4320 cipue
763 4237 850 4304 cresi
878 4261 921 4303 ex
941 4243 970 4304 οἱ
994 4237 1067 4324 ὅροι
1094 4238 1215 4302 fectu·
1236 4247 1340 4326 putot
