2862 4808
51 381 156 474 §.oe
174 383 233 458 Dc
244 377 396 456 Doridis
409 401 588 482 generum
606 392 642 454 et
654 377 862 476 specierum
876 375 1029 480 origine.
1065 373 1145 456 tte

49 585 166 654 liarem
186 585 293 652 luisse
315 593 461 666 constat,
483 571 541 650 six
561 579 632 649 ullo
647 581 725 668 jure
746 579 888 648 Doricae
909 579 1088 667 hahentur,
1112 594 1145 649 et

51 696 141 754 tauta
169 697 222 752 est
247 685 360 768 illius,
393 685 475 752 adeo
495 683 583 750 iuter
603 683 750 752 contines
770 684 912 774 populos
934 695 970 748 ut
991 683 1145 750 Olontios

50 802 86 858 et
105 789 243 872 Latios,
265 786 422 864 varietas,
446 809 531 878 quae
553 785 610 852 vix
631 807 649 850 e
671 787 838 852 communi
859 784 1037 874 Spartanae
1057 787 1145 853 eolo·

50 891 127 958 niae
148 891 240 956 fonte
262 887 404 956 derivari
431 888 549 977 possit.
604 885 726 954 Contra
746 909 832 977 ponc
852 886 995 953 Graecas
1017 899 1145 976 gentes,

51 1015 137 1084 quae
159 991 289 1058 Cretam
312 999 388 1056 aute
408 987 638 1078 migrationem
658 985 812 1054 Doricam
833 989 1039 1074 habitarunt,
1078 989 1146 1056 dia·

50 1094 148 1160 lectis
175 1117 254 1161 usas
280 1093 386 1158 luisse
415 1089 713 1180 Peloponnesiacae
738 1091 792 1157 illi
800 1101 814 1176 ,'
844 1099 882 1156 ut
908 1090 954 1156 ita
981 1092 1146 1182 appellare

50 1196 170 1280 liceat,
192 1193 458 1284 cognatissimis3
490 1193 595 1271 adde,
618 1191 754 1268 eaodem
774 1192 814 1258 ah
835 1192 979 1260 Achaeis
1003 1193 1146 1260 Doricae

50 1295 217 1386 potentiae
238 1295 435 1364 cedentibus
454 1295 578 1362 illatam
600 1315 695 1378 esse,
724 1293 986 1385 necquidquam
1009 1295 1044 1362 iu
1067 1295 1146 1363 Cre·

50 1401 191 1466 tiearum
213 1398 426 1466 dialectorum
447 1397 574 1464 ratione
595 1419 664 1462 uou
685 1395 842 1485 explicari
856 1421 956 1488 possc
968 1398 1144 1466 videbitur.
1257 1421 1266 1442 ·

53 1501 208 1568 Ceterum
228 1499 384 1566 Doricam
407 1497 570 1568 coloniam
590 1511 665 1564 aete
683 1497 809 1565 hlinois
828 1510 965 1568 aetatem
979 1499 1147 1590 Tectapho

52 1603 138 1670 doce
167 1627 209 1670 ex
229 1601 455 1670 Hestiaeotide
483 1600 662 1691 profectam
690 1599 788 1666 tacite
817 1623 891 1668 cum
915 1601 1064 1670 lloeclaio
1088 1603 1148 1668 da-

49 1705 247 1774 mnavimus.
279 1743 322 1756 -
364 1702 454 1768 Ante
476 1701 693 1770 Tarentinam
727 1702 889 1770 coloniam
919 1703 1097 1794 Spartanos
1128 1729 1147 1770 a

51 1807 199 1898 genuina
227 1805 355 1873 Doride
387 1804 596 1882 demovisse,
640 1803 719 1870 satis
748 1803 906 1872 credibile
937 1818 999 1874 cet.
1055 1805 1148 1890 Quid

51 1933 153 1994 vero,
175 1906 263 1998 quod
278 1907 486 1974 Achaeorum
505 1905 541 1972 iu
559 1905 655 1973 ltalia
675 1905 825 1974 coloniae
845 1907 992 1994 ejusdem
1009 1909 1146 1976 Doridis

52 2009 229 2080 severioris
250 2008 426 2100 participes
455 2008 560 2074 luisse
588 2007 765 2074 videntnr'l
808 2007 884 2098 quie
911 2033 982 2076 cam
1007 2033 1027 2076 a
1049 2009 1146 2102 Spar·

52 2111 140 2180 tanis
167 2123 222 2180 ant
242 2111 434 2178 Tarentinis
463 2117 661 2200 assumptam
691 2133 800 2202 oeque
820 2111 1027 2178 Achaeorum
1049 2112 1146 2178 Pelo·

50 2214 328 2307 pounesiacorum
359 2213 524 2305 propriam
561 2211 667 2278 luisse
703 2211 769 2278 sihi
807 2213 1037 2302 persuaserint
1099 2213 1147 2282 At

50 2316 183 2384 Achaei
211 2341 252 2382 ex
275 2316 349 2407 ipsa
368 2316 533 2384 Laconica
553 2313 692 2405 profecti
714 2313 877 2381 mitiorem
897 2313 1055 2382 Doridem
1075 2315 1146 2384 Me·

50 2420 122 2486 lnm
149 2429 184 2484 et
202 2417 344 2485 Theram
372 2419 621 2485 transtulerunt.
675 2415 751 2482 Nou
771 2416 898 2484 Achaei
921 2419 1054 2510 opinor,
1087 2419 1147 2486 sed

50 2520 188 2608 llinpae
200 2565 211 2605 ,
255 2544 338 2611 quos
367 2519 453 2586 iuter
482 2519 610 2586 Therae
640 2518 773 2608 quidem
803 2520 938 2586 colonos
968 2520 1147 2610 plurimum

50 2621 196 2690 valuisse
218 2634 356 2689 constat.
405 2622 469 2688 llis
491 2621 597 2699 enim,
632 2645 650 2687 e
671 2620 892 2688 Phocensinm
913 2634 947 2688 et
965 2621 1147 2690 Locrorum

50 2722 177 2792 vicinia
197 2723 360 2804 oriundis,
382 2723 545 2792 mitiorem
560 2722 722 2790 Doridem
740 2722 934 2790 familiarem
948 2723 1052 2792 tuisse
1066 2725 1146 2792 satis

51 2825 226 2918 prohabile
249 2837 311 2893 est.

140 2926 249 2994 hlulto
271 2927 368 2994 etiam
390 2926 496 3017 magis
517 2951 614 3019 quam
629 2927 779 3020 Spartani
796 2952 834 2996 ea
846 2929 1040 2998 Aetolorum
1057 2953 1147 3022 pars,

53 3051 141 3120 qnae
161 3028 354 3096 lleraclidas
377 3035 516 3120 sequuta
539 3029 671 3099 Elidem
693 3031 886 3121 occupavit,
923 3031 1058 3124 patriam
1079 3033 1147 3100 dia·

54 3132 182 3199 lectum
219 3141 363 3198 mutasse
396 3132 537 3199 videtur.
590 3133 674 3200 Nam
704 3134 851 3200 Eliacam
879 3131 1055 3202 dialectum
1082 3159 1148 3202 uon

53 3234 95 3302 ah
116 3232 250 3300 Aetolis
271 3232 474 3323 importatum
496 3257 569 3302 esse
580 3285 591 3316 ,
615 3247 738 3302 eertum
761 3245 867 3314 esset,
892 3236 922 3302 si
941 3235 1148 3304 Eretrienses

54 3337 163 3427 sigma
185 3335 222 3400 iu
242 3335 303 3401 rho
323 3336 471 3402 mutandi
492 3361 615 3404 morem
636 3349 723 3404 recte
746 3336 786 3402 ah
804 3335 899 3404 Eleis
918 3338 1046 3406 colonis
1067 3341 1149 3420 (uon

52 3447 131 3528 post
150 3435 399 3504 llemclidarum
428 3436 583 3526 reditum)
615 3439 781 3530 accepiesc
809 3439 1014 3508 traderentur
1040 3463 1148 3530 neque

52 3563 91 3606 ea
113 3538 258 3607 narratio
285 3551 419 3628 propter
447 3540 541 3610 iltius
568 3541 756 3608 mutationis
785 3542 1047 3609 communionem
1074 3543 1149 3607 licta

52 3639 162 3708 rideri
183 3653 306 3730 posset.
351 3641 417 3708 Vel
444 3642 493 3710 sic
520 3655 628 3710 tamen
649 3666 715 3710 uon
735 3643 907 3733 probabile
928 3655 979 3709 est
1001 3643 1149 3710 Eliacam

54 3741 255 3826 dialectum,
278 3765 362 3832 qnae
384 3745 488 3811 multo
509 3747 613 3836 magis
635 3769 732 3835 qnam
753 3745 915 3812 Arcadica
935 3769 1009 3812 cum
1022 3743 1150 3812 Doride

54 3843 271 3934 discrepans,
307 3843 361 3911 vix
387 3845 457 3912 ullo
481 3846 559 3933 jure
578 3849 665 3916 iuter
684 3849 786 3936 hujus
807 3847 934 3940 species
958 3847 1149 3930 referretur,

53 3946 95 4012 ah
126 3945 259 4013 Aetolis
289 3946 497 4014 derivandam
530 3973 621 4035 esse,
655 3950 714 4041 qui
743 3950 829 4017 eirca
857 3975 888 4016 a.
918 3949 981 4018 3⁰0
1008 3948 1149 4016 mitioris

54 4047 195 4114 Doridis
224 4049 469 4138 septentrionali
499 4051 609 4141 specie
638 4052 690 4117 usi
719 4065 808 4120 aunt.
862 4051 977 4143 ltaque
1003 4049 1150 4118 Eliacem

55 4148 209 4239 liugnam
229 4150 271 4218 ad
291 4150 420 4242 priscos
441 4163 545 4220 terrae
565 4153 711 4237 incolas,
732 4153 863 4247 Epeos,
886 4175 1089 4224 revocamus.
