2862 4808
265 346 342 424 dhd
367 343 399 438 h.
413 346 473 424 5⁰.
495 341 714 421 DeDoridis
729 365 909 445 generum
922 355 960 418 et
973 341 1181 443 specierum
1198 341 1340 446 origine.
1398 401 1399 410 ι

265 545 406 613 mitioris
437 545 529 614 nulla
561 548 710 638 exempla
742 558 932 638 supersunt.
996 545 1220 614 Nihilominus
1256 543 1344 612 certis

264 648 464 737 argumentis
498 647 714 716 demonstrari
745 661 878 740 potest,
914 648 1019 716 multo
1050 659 1145 716 autea
1174 647 1345 714 Dorienses

264 751 352 818 iuter
373 750 520 818 serenus
541 761 575 816 et
594 751 707 818 mitius
730 775 835 841 genus
851 750 977 818 divisos
998 749 1114 818 luisse.
1157 749 1240 817 Nam
1257 747 1346 815 sicuti
1398 771 1399 776 ¹

264 862 517 920 cousentaneum
532 866 601 936 et,
624 852 826 920 coloniarum
848 852 983 920 eandem
1005 851 1046 918 ah
1064 851 1193 942 origine
1208 851 1345 939 linguan
1398 833 1399 920 i

263 955 367 1020 luisse
388 967 486 1044 atque
506 955 755 1044 metropolium,
791 953 836 1020 ita
864 953 920 1020 vix
948 953 1020 1020 lieri
1047 964 1172 1044 poterat
1198 964 1236 1019 ut
1255 952 1347 1038 longo
1398 937 1399 1020 l

263 1055 437 1122 intervallo
458 1055 634 1141 diremtae,
658 1055 798 1124 diversis
815 1055 998 1122 vicinorum
1020 1053 1197 1146 generibus
1218 1053 1346 1122 circun-

264 1155 376 1242 datae,
405 1158 461 1224 vix
483 1157 553 1225 ullo
575 1157 713 1226 arctiore
735 1157 870 1225 viuculo
887 1159 1023 1244 junctae
1044 1168 1202 1246 utraeque
1222 1154 1265 1222 ad
1285 1178 1347 1220 eas·
1398 1159 1399 1200 l

262 1257 337 1324 deur
369 1259 503 1326 dialecti
534 1260 732 1328 mutationes
765 1259 1003 1326 delahcrcutur.
1057 1259 1191 1349 ltaque,
1228 1256 1260 1324 si
1290 1278 1347 1346 qua

261 1359 411 1428 coloniae
432 1383 506 1427 cum
528 1361 702 1452 metropoli
730 1361 913 1428 communia
943 1373 1041 1446 sunt,
1073 1385 1112 1428 ea
1144 1371 1256 1428 nostro
1277 1357 1346 1443 jure

262 1486 281 1528 a
302 1461 529 1529 conditoribus
560 1462 652 1530 illata
679 1463 926 1548 existimamus3
957 1463 988 1530 si
1010 1463 1132 1554 quihus
1155 1461 1344 1550 discrepant,

261 1585 300 1630 ea
321 1575 377 1630 rut
398 1563 439 1630 ah
460 1564 572 1632 ulteris
593 1577 650 1632 aut
669 1565 711 1633 ah
731 1565 882 1657 utrisque
898 1576 1026 1632 novata.
1058 1563 1134 1632 Jam
1147 1587 1227 1632 vero
1240 1581 1345 1629 omnes

261 1664 431 1745 coloniae,
462 1689 547 1757 qnae
568 1666 726 1736 historico
747 1679 894 1757 tempore
923 1666 947 1732 i.
971 1690 1002 1732 e.
1023 1677 1101 1758 post
1120 1663 1344 1757 Olympiadun

259 1765 392 1833 initium
413 1767 563 1836 conditae
592 1782 688 1854 suut,
719 1768 755 1834 iu
776 1767 916 1836 Doridis
938 1791 1154 1857 generosum
1176 1791 1237 1835 sna
1257 1786 1344 1857 qnae·
1398 1775 1399 1866 p

260 1891 326 1958 qne
348 1869 522 1960 metropoli
543 1871 735 1938 concinunt.
785 1869 904 1938 Mitius
924 1869 1064 1938 Doridis
1084 1893 1191 1959 genus
1210 1880 1248 1936 ut
1267 1863 1343 1956 apul
1398 1893 1399 1940 ι

259 1967 473 2060 Megarenses
494 1971 540 2038 ita
562 1972 650 2062 epod
671 1973 787 2040 horum
808 1973 944 2041 colonos
965 1973 1148 2063 reperitur,
1177 1967 1344 2061 Byzantios

259 2081 292 2136 et
315 2070 577 2158 Chalcedonios,
599 2097 662 2148 nee
681 2073 792 2140 minus
812 2073 1049 2159 Mesembria,
1080 2097 1164 2165 quac
1184 2073 1226 2139 ah
1247 2069 1343 2138 honi·

260 2170 361 2238 nihns
381 2172 541 2263 Byzantio
564 2186 598 2242 et
619 2175 830 2244 Chalcedone
850 2177 1001 2268 prologis
1030 2173 1162 2242 condita
1190 2187 1260 2261 est3
1296 2171 1342 2235 de·

258 2273 357 2357 inde,
379 2298 482 2365 quum
504 2275 545 2342 de
566 2277 716 2368 ipsorum
730 2276 977 2344 Corinthiorum
997 2276 1112 2366 lingna
1131 2299 1199 2344 non
1214 2283 1341 2349 constet,

258 2373 295 2440 iu
318 2376 471 2444 omnihus
493 2375 645 2445 Corinthi
666 2379 827 2458 coloniis,
858 2377 1044 2472 Corcyrae,
1073 2378 1287 2476 Ambraciae,
1311 2373 1341 2437 iu

257 2475 465 2562 Acarnania,
487 2503 571 2570 qnae
593 2478 779 2548 Corinthiis
800 2479 942 2548 coloniis
962 2481 1082 2548 referta
1102 2491 1189 2566 erat,
1213 2479 1340 2568 Syracu·

258 2578 307 2646 sis
329 2589 363 2646 et
383 2581 420 2646 in
442 2579 723 2672 Syracusanorum
744 2581 904 2660 coloniis,
926 2581 1019 2649 lssae
1041 2581 1207 2666 etheris,
1230 2579 1339 2673 quihus

257 2682 452 2772 comparatis
481 2682 523 2749 de
543 2669 734 2774 metropolis
753 2683 883 2750 mitiore
905 2681 1032 2750 Doride
1053 2683 1196 2750 dubitari
1216 2679 1338 2771 nequit3
1398 2661 1399 2722 l

256 2795 423 2872 postremo
445 2795 478 2850 et
493 2783 604 2852 Rhodi
625 2796 659 2852 et
680 2785 715 2850 io
730 2783 936 2852 Rhodiorum
957 2786 1086 2852 colonia
1102 2785 1187 2852 Gela
1207 2778 1338 2872 stupri·

256 2883 369 2970 genti,
399 2883 528 2976 quoda
551 2885 749 2952 Gelensibus
770 2885 939 2952 conditum
960 2897 1022 2952 est.
1067 2885 1190 2952 Contra
1208 2881 1338 2954 severior
1398 2911 1399 2928 ι

256 2983 359 3051 Doris
391 2993 459 3052 non
489 2985 600 3052 miuus
630 3011 728 3078 quarn
760 2987 848 3076 apud
876 2987 1029 3054 Lacones
1061 2985 1218 3074 Tarenti,
1261 2979 1337 3076 qnod

257 3083 409 3174 Spartani
430 3111 490 3178 per
511 3087 704 3156 Parthenias
732 3088 971 3173 condiderunt,
1003 3099 1038 3153 et
1058 3087 1238 3156 Heracleae
1257 3104 1336 3174 rept·
1398 3145 1399 3148 ι

255 3186 358 3268 uitur,
381 3211 465 3279 quae
487 3201 537 3256 cst
550 3189 805 3257 Tarentinorum
828 3191 970 3258 colonio.
1015 3189 1090 3257 Soli
1111 3189 1271 3278 Cyrenaei
1289 3206 1334 3250 ex·
1398 3179 1399 3190 ¹

255 3288 341 3376 cepti
357 3302 446 3375 sunt,
469 3315 571 3382 quum
585 3292 714 3360 'l'herae
729 3290 920 3382 metropolis
937 3291 1170 3382 inscriptiones
1187 3290 1334 3356 mitiorem

158 3449 164 3460 .
255 3387 414 3458 Doridem
435 3393 628 3480 exhiherut,
660 3394 860 3483 Cyrenaicae
882 3393 1090 3460 severiorem.
1146 3391 1244 3476 Quod
1265 3408 1333 3478 qut·

253 3491 352 3559 modo
381 3494 503 3563 lactum
535 3495 597 3572 sit,
636 3493 841 3584 Cyrenarum
874 3494 1010 3562 historia
1039 3495 1155 3586 aperit.
1212 3491 1333 3559 conset

254 3592 342 3658 euim
371 3617 412 3659 ex
439 3593 609 3664 Herodoto
636 3597 700 3681 w,
727 3597 906 3681 159.161,
936 3619 1037 3686 quum
1064 3596 1125 3664 suh
1148 3596 1244 3664 tertio
1264 3607 1331 3676 rege
1398 3611 1399 3618 ¹

252 3691 350 3760 Batto
363 3694 397 3760 ll
418 3698 514 3764 multi
535 3723 576 3764 ex
598 3699 689 3766 omni
704 3699 841 3766 Graecia
854 3699 964 3766 coloni
975 3697 1211 3776 accessissent,
1233 3701 1330 3788 postet
1398 3749 1399 3786 p

253 3793 487 3864 aDemonactc
509 3823 621 3866 omues
643 3801 770 3868 incolas
791 3801 837 3867 ite
857 3800 893 3867 iu
914 3811 981 3868 tres
995 3803 1102 3868 trihus
1118 3799 1240 3868 divisos
1256 3811 1328 3870 esse,

252 3909 289 3960 ut
310 3920 374 3962 nna
395 3897 563 3968 Theraeos
584 3923 659 3968 cuna
682 3903 842 3992 perioecis
862 3913 1009 3988 teneret,
1032 3904 1097 3970 alia
1118 3903 1285 3970 Cretenses
1302 3899 1329 3954 tl

251 3995 533 4087 Peloponnesios,
555 4001 650 4068 tertia
673 4027 788 4070 omncs
808 4003 992 4072 insulanos.
1035 4003 1107 4072 Nec
1124 4003 1255 4071 dubium
1274 4001 1326 4072 ests

251 4097 333 4186 quin
361 4098 524 4188 Theraei,
557 4104 616 4195 qui
644 4105 771 4174 tertiam
799 4105 1002 4197 rcipuhlicae
1022 4119 1146 4198 partem
1167 4101 1324 4174 hahehwh
