2878 4814
231 337 238 350 .
267 353 300 446 §.
319 353 380 430 dd.
408 355 465 429 De
487 339 761 432 adverbiis'loci
782 371 817 430 et
841 357 1028 455 temporis.
1120 337 1196 438 373

97 556 251 623 conteres
281 554 457 640 supponidae,
493 557 582 646 qrrod
603 569 855 623 commemorant
876 557 1081 649 Theopnost.
1106 560 1193 627 0¹1.

97 657 155 741 11,
181 657 264 740 163,
286 659 329 724 22
350 671 383 726 et
402 657 522 726 Joann.
546 659 604 726 Al.
629 657 691 742 38,
714 659 756 724 27
787 659 809 724 i.
835 683 866 724 c.
897 663 1096 748 inspoliatum
1124 661 1195 730 Nec

97 761 215 826 miuus
238 761 329 846 διχᾶ
356 773 389 826 et
408 765 544 846 τριχᾶ,
576 763 699 826 rectius
729 764 801 848 διχᾷ
828 773 862 827 et
888 766 997 848 τριχᾷ,
1030 773 1107 829 suut
1134 791 1194 856 pro

98 865 176 951 διχῇ
196 873 228 928 et
248 864 341 950 τριχῇ
361 863 403 926 in
427 863 527 929 dues
550 873 589 927 et
610 873 698 928 tres
719 876 861 953 partes
883 874 956 949 aut,
982 864 1011 929 si
1027 867 1192 946 malueris,

98 964 216 1032 eodem
239 986 339 1029 sensu
363 987 401 1029 sc
420 967 514 1050 διχῶς
534 975 567 1030 et
589 969 714 1051 τριχῶς.

187 1064 243 1152 11)
278 1065 446 1131 Adverbia
468 1089 486 1130 a
509 1065 723 1132 substantivis
745 1089 804 1156 per
824 1067 975 1132 suffixum
998 1069 1030 1131 ds
1052 1067 1195 1136 derivato

95 1191 168 1234 non
189 1168 369 1257 reperimus
392 1165 428 1232 iu
449 1167 598 1233 tontibus
611 1161 750 1233 'Doricis
771 1179 900 1257 praeter
920 1169 1025 1234 οἴκαδε
1039 1169 1192 1260 Thucyd.

97 1269 145 1354 11,
169 1269 222 1336 77.
269 1267 391 1336 Contra
420 1295 480 1358 pro
511 1271 615 1335 οἴκαδε
636 1269 794 1336 Doricum
824 1269 945 1336 dicitnr
973 1273 1093 1348 οἴκαδις
1119 1273 1192 1340 aJ.

98 1371 162 1436 Gr.
184 1369 260 1446 24³,
276 1370 318 1453 b,
341 1372 463 1444 οἴκαδις
484 1395 502 1435 a
524 1369 583 1436 Gr.
608 1371 648 1436 C.
672 1397 705 1462 p.
730 1371 795 1440 364
814 1383 847 1440 ct
868 1369 943 1458 (ubi
964 1376 1194 1440 Acharneuses

99 1477 304 1562 spectantur)
333 1497 368 1562 p.
390 1471 474 1553 2³0,
508 1471 586 1537 item
616 1475 738 1549 οἴκαδις
759 1459 814 1538 Et.
839 1474 886 1540 M.
911 1475 985 1554 617,
1008 1477 1051 1543 24
1083 1475 1118 1540 in
1145 1501 1195 1541 re·

97 1573 245 1642 centiorc
267 1575 498 1640 additamento.
532 1573 684 1640 Dialecto
706 1599 771 1640 non
794 1577 959 1642 nominata
981 1579 1101 1652 οἴκαδις
1120 1602 1194 1668 pro·

97 1689 327 1766 paroxytonon
341 1677 427 1741 inter
441 1675 592 1744 adverbis
607 1675 643 1740 in
661 1679 708 1752 δις
723 1691 994 1746 commemoretur
1007 1704 1024 1744 a
1039 1679 1193 1768 Theogn.

99 1779 190 1844 Oxx.
225 1779 278 1860 ll,
309 1777 391 1860 163,
419 1777 473 1844 22.
528 1777 669 1868 Legitur
704 1780 822 1854 οἴκαδις
853 1781 996 1849 Achurn.
1026 1781 1090 1849 708
1124 1780 1195 1859 (ubi

98 1882 219 1946 lemma
242 1879 437 1946 scholiastae
460 1880 581 1954 οἴκαδις
586 1899 598 1957 )
621 1890 653 1943 et
674 1878 759 1964 7453
792 1881 990 1970 Epicharmo
1018 1883 1061 1946 ir.
1085 1883 1126 1950 19
1154 1907 1195 1948 ex

100 1981 209 2048 οἴκαδ’
233 1986 295 2060 εἰς,
330 1983 416 2072 quod
440 1981 546 2046 estin
569 1981 732 2045 Athenaei
755 1981 869 2047 codice
891 1983 919 2047 P
940 1994 973 2048 ct
993 1983 1195 2051 editionibus

97 2083 183 2168 VL,
216 2083 364 2172 Heringa
387 2085 511 2157 οἴκαδις
538 2081 666 2148 restitui
692 2081 815 2168 jussit,
849 2083 1042 2150 Diodorfius
1075 2087 1201 2161 οἴκαδις

98 2185 203 2252 dedit.
249 2185 351 2252 Recte
367 2185 440 2270 bic,
465 2184 593 2276 siquid
615 2183 786 2269 videmus3
809 2209 882 2252 unm
906 2187 1027 2262 οἴκαδις
1048 2187 1083 2252 in
1101 2191 1193 2254 scho-

95 2289 156 2356 liis
178 2287 412 2376 Aristophanis
444 2285 560 2352 coturni
587 2285 682 2375 lapsu
709 2287 866 2376 scriptum
898 2300 930 2353 et
951 2289 1028 2356 inde
1050 2290 1090 2354 od
1107 2289 1193 2356 Gre-

97 2389 228 2481 gorium
259 2401 292 2454 et
324 2391 359 2456 in
392 2387 657 2480 Etymologicum
689 2411 843 2478 magnum
873 2404 1087 2481 propagatum
1120 2415 1193 2457 esse

95 2493 240 2560 videtur.
292 2491 446 2557 Doricam
476 2489 737 2556 terminationem
761 2493 832 2566 δις,
865 2515 962 2581 quam
985 2503 1074 2559 extra
1096 2493 1193 2558 Dori·

96 2597 173 2662 dem
198 2595 233 2660 iu
255 2592 409 2679 χαμάδις,
434 2591 563 2674 οἴμυδις,
587 2591 709 2666 ἄλλυδις
730 2602 763 2656 et
783 2593 858 2658 aliis
880 2605 1029 2684 apparet,
1063 2607 1195 2660 tuentur

96 2699 218 2774 etiam,
251 2719 335 2786 quse
364 2693 486 2760 Dorico
515 2705 692 2776 vocantur,
725 2694 944 2780 χαμάνδις,
977 2694 1193 2782 οἴγράνδις,

94 2795 396 2881 Ὀλυμπιάιδις
418 2801 473 2872 ¹¹).
530 2795 731 2880 Quaeritur,
771 2798 934 2886 quomodo
969 2821 1025 2864 eae
1057 2799 1193 2882 formae,

95 2925 182 2992 quae
210 2928 227 2964 ι
256 2899 494 2990 pleouaaticum
524 2895 645 2964 habere
667 2897 838 2980 videntur,
873 2900 1031 2990 explicari
1053 2900 1192 2990 possint.

97 3005 139 3070 ln
161 3001 391 3082 Ὀλυμπιάιδις
420 3011 552 3092 apparet
580 3001 732 3066 suffixum
764 3003 812 3076 δις
838 3003 1023 3068 accusativo
1050 3002 1193 3068 additum

95 3129 195 3186 essa,
219 3103 305 3168 sicut
328 3105 360 3167 ds
381 3101 415 3167 in
439 3101 574 3182 οἶκόνδε,
599 3102 713 3175 ἅλαδε,
743 3105 911 3189 Τροίηνδε,
945 3103 1022 3170 item
1043 3103 1194 3189 χαμάκδις

96 3209 139 3273 ad
161 3205 346 3272 obsoletum
375 3204 612 3270 substantivum
641 3201 726 3289 χαμιῖ
759 3205 818 3283 (cf.
841 3205 966 3270 Buttm.
996 3205 1031 3270 ll
1059 3230 1093 3294 p.
1116 3206 1194 3284 351)

95 3330 251 3376 revocare
278 3306 367 3372 licet.
424 3305 622 3395 Refragotur
655 3304 823 3390 δγροῖιδις,
859 3307 947 3396 quod
976 3329 1036 3395 pro
1066 3305 1194 3389 α’γοόκδε

96 3433 173 3477 esse
193 3419 311 3500 putant
330 3409 383 3474 vel
396 3431 456 3500 pro
472 3409 599 3492 dypads,
623 3407 711 3498 quod
728 3407 950 3474 Callimachus
972 3407 1052 3486 (vid.
1068 3407 1192 3478 Buttm.

95 3515 130 3580 11
165 3535 200 3602 p.
231 3511 314 3594 351,
350 3509 407 3575 nbi
439 3507 629 3575 Lobecirius
662 3508 772 3574 minus
803 3509 985 3599 probabilia
1014 3509 1193 3590 sdnotsvit)

95 3625 209 3680 contra
226 3613 350 3698 justam
372 3611 556 3700 analogium
579 3611 714 3678 finxisse
735 3611 882 3697 videtur3
914 3611 1129 3701 nequeenim
1153 3611 1194 3676 de

93 3714 299 3782 nominativo
322 3712 404 3798 δγριῖ
425 3737 485 3804 pro
509 3712 604 3796 ἀγρός
624 3714 763 3804 cogitari
782 3724 902 3804 potest.
945 3713 1062 3802 ltaque
1087 3711 1193 3800 suspi-

97 3841 209 3884 camur
230 3817 314 3882 hsnc
335 3837 448 3881 vocem
470 3839 510 3880 ex
532 3814 699 3900 οἴγοριῖνδις
727 3816 750 3880 1.
774 3841 805 3882 e.
837 3815 989 3900 ἀγορήνδε
1009 3825 1193 3903 corruptum

132 4067 175 4130 ιι)
210 4061 338 4129 nessa.
361 4061 503 4143 uxr-11,
523 4064 587 4145 ιιι,
605 4063 635 4117 οι
666 4057 771 4124 (serr.
797 4060 881 4120 roos).
916 4053 951 4110 ιο
969 4054 1003 4115 ος
1027 4039 1069 4115 ῖς
1084 4055 1192 4126 nusq-

96 4169 168 4211 ματα
186 4153 281 4216 ἔχοντα
300 4147 352 4219 πρὸ
369 4151 417 4200 τοῦ
437 4151 453 4201 δ
469 4147 518 4216 τὴν
536 4168 569 4200 m
586 4143 718 4214 συλλαβὴν
735 4143 780 4198 διδ
797 4147 845 4198 τοῦ
863 4147 878 4198 ἶ
895 4141 1023 4217 γράφεται
1042 4145 1085 4196 καῖ
1103 4141 1195 4214 Aoipni

97 4237 177 4306 δοτικ,
196 4231 252 4292 οἷον
268 4235 412 4302 χαμδκδις,
429 4233 569 4309 δςροῖιδις,
584 4229 778 4297 Ὀλυμπιοῖκδις.
