2948 4816
261 383 331 462 134
663 385 719 456 De
744 381 942 458 vocalibus.

88 585 112 612 ”
198 610 201 625 ‚
321 593 354 668 a)
394 547 489 656 tertia
522 607 661 676 persona
693 585 800 652 dualis
831 583 999 653 indicativi
1028 584 1275 676 praeteritorum
1317 597 1351 654 st

258 687 412 780 optativi,
433 699 471 754 ut
491 685 667 766 ἕαοησάταν
686 686 883 778 Dalmat,
906 683 1108 766 ἐπησάαθαν
1123 687 1244 773 Piud.‚
1267 686 1351 754 o'tol-
1432 693 1435 700 '

259 799 342 856 αθαν
360 789 484 880 Trngg.

319 917 355 993 la)
395 917 500 1009 prima
526 941 667 1010 persona
693 915 860 984 indicativi
888 915 1134 1008 praeteritorum
1162 926 1196 982 et
1216 915 1350 1006 optativi
1456 921 1457 950 ¹

258 1018 293 1084 in
309 1019 509 1108 subjeetIvo,
531 1031 569 1088 ut
584 1020 754 1103 συνεθέμαν
768 1019 857 1086 Cret.
875 1019 980 1104 2555,
1002 1018 1148 1106 ἠχθόμαν
1159 1017 1277 1110 Epielr.
1295 1019 1349 1103 19,

259 1119 386 1205 ὀλοίμαν
406 1119 532 1216 Trsgg.

321 1249 354 1332 e)
395 1250 552 1318 feminina
575 1273 675 1342 snper
694 1249 889 1340 bisyllabmu
918 1249 1016 1340 vulgo
1042 1250 1078 1316 in
1105 1247 1155 1336 ’,7,
1177 1247 1348 1316 exeuntia:

258 1349 366 1438 εἰράνα
384 1350 525 1444 Lysistr.
549 1363 634 1438 etc„
666 1353 777 1420 osidae
798 1351 896 1418 Pind.
919 1351 1065 1444 Tragg„
1086 1352 1203 1439 yuleivu
1224 1351 1348 1416 Aesch.

258 1453 325 1542 Ag.
347 1453 411 1522 729
431 1465 464 1522 et
484 1451 561 1522 iude
581 1453 727 1540 γαλάνεια
748 1453 863 1546 Eurip.
888 1453 966 1522 Hel.
992 1455 1084 1522 1458.
1126 1455 1200 1545 lplt.
1222 1451 1266 1518 Α.
1288 1453 1353 1518 546

258 1565 291 1620 et
309 1554 436 1640 γελανής
452 1555 567 1642 Piud.‚
588 1555 729 1636 Ἀθάνα,
750 1555 894 1622 Ἀθάναν
912 1565 990 1640 ete,
1012 1555 1156 1642 Κυράνα,
1179 1553 1350 1636 Μεσσάνα,

258 1655 421 1736 Κυλλάνα,
457 1656 617 1738 Πελλάνα,
651 1655 798 1726 'Aesim
824 1657 979 1750 oppidum
1006 1655 1203 1724 Laeouieum
1232 1655 1350 1746 steph.

257 1755 364 1846 Byr,
390 1757 533 1847 Πειράνα
553 1759 675 1846 Pind,
697 1760 777 1826 adeo
798 1759 929 1828 lonicae
950 1759 1042 1826 urhis
1063 1759 1203 1827 Prienae
1224 1757 1353 1825 ineolue

261 1859 411 1946 Πρνανεῒς
440 1861 548 1927 Rhod.
579 1861 676 1932 2905.
732 1859 804 1930 Nee
833 1861 942 1928 miuus
962 1861 1143 1927 Dorienses
1173 1859 1276 1925 άπάνα
1303 1857 1351 1924 di-

258 1958 345 2026 xisse
374 1961 616 2048 existimamus,
647 1987 832 2056 quanquam
863 1961 949 2053 spud
974 1962 1152 2028 Pindarum
1184 1961 1240 2028 01.
1261 1961 1351 2046 v,3

258 2071 291 2128 et
309 2061 350 2128 P.
374 2061 437 2148 lv,
459 2065 503 2132 94
533 2064 637 2144 άπήνα
656 2065 808 2132 traditum
830 2075 891 2130 est.
934 2063 1087 2132 Thessali
1113 2063 1201 2130 enim
1227 2063 1352 2128 ναπάνα

258 2162 410 2230 dixerunt
434 2165 500 2234 vid.
523 2167 647 2236 Athen.
671 2166 706 2234 X
733 2191 768 2258 p.
790 2166 866 2234 418.
889 2165 922 2230 D
953 2174 986 2232 et
1005 2165 1151 2254 Hesyeh.
1180 2187 1209 2230 s.
1231 2188 1263 2230 v.
1294 2189 1354 2230 να-

257 2265 484 2350 πανινανεέρους
511 2267 565 2352 (de
588 2293 606 2332 ν
628 2267 736 2334 addito
764 2268 807 2345 rs.
836 2271 1017 2352 καυχᾶσθαι
1038 2277 1072 2332 et
1095 2263 1230 2351 αὐχεῖν),
1264 2265 1352 2331 uude

257 2377 368 2431 nostro
391 2366 468 2453 jure
490 2367 644 2435 Doricam
672 2370 808 2436 formam
840 2367 943 2433 ἀπάνα
973 2367 1189 2458 assequimur.
1243 2365 1353 2432 Simili

256 2466 353 2533 modo
374 2491 392 2534 e
415 2467 576 2559 Cypriaeo
599 2469 699 2556 dyo'vve
725 2493 787 2562 pro
810 2469 928 2554 σαγὴνη
951 2469 1037 2560 apud
1059 2469 1262 2558 Hesychium
1283 2469 1351 2535 Do·

257 2566 382 2634 rienses
405 2570 524 2654 σαγάνα
545 2571 667 2638 dixisse
689 2571 915 2662 intelligimus.
949 2569 1052 2662 Apud
1066 2569 1244 2636 Pindarum
1259 2594 1353 2662 prae·

258 2679 307 2734 ter
329 2669 432 2750 άπὴνα
452 2671 584 2764 regulae
605 2675 685 2742 lraee
707 2673 936 2742 adversentur:
958 2671 1076 2753 τιθήνα
1096 2673 1137 2738 Ρ.
1150 2673 1188 2758 1,
1210 2673 1272 2758 20,
1295 2672 1352 2737 ubi

258 2769 360 2838 codex
388 2796 455 2840 noar
483 2774 698 2866 malus'Aug.
720 2775 767 2842 D.
795 2773 910 2840 τιθάνα
937 2773 1091 2864 praebet,
1124 2773 1213 2866 qnod
1232 2773 1354 2840 Doridi

258 2883 362 2952 eerte,
386 2874 501 2942 sinon
523 2875 688 2961 Pindaro,
710 2875 962 2961 vindicaverim
993 2873 1174 2958 Ἀλκμήνα,
1202 2898 1352 2966 proquo

141 3025 147 3040 .
257 2975 358 3042 semel
380 2976 466 3042 inter
485 3001 602 3043 novem
622 2977 713 3046 loeus
735 3002 767 3044 v.
790 2977 814 3044 l.
847 2974 1009 3058 Ἀλνμάνα
1038 2974 1074 3042 in
1095 2975 1174 3042 Ald.
1199 2989 1232 3041 et
1252 2977 1349 3042 Rom.

256 3075 418 3166 reperitur
438 3075 556 3164 P.1v,
574 3079 654 3163 172,
677 3077 717 3144 ab
739 3077 812 3170 ipso
826 3077 970 3144 Pindaro
992 3076 1149 3170 seriptum
1169 3085 1237 3162 est3
1259 3077 1352 3142 valde

257 3189 363 3244 mmen
392 3201 507 3246 vereor
533 3203 576 3248 ne
598 3177 779 3246 Dorienses
808 3206 828 3243 α
856 3177 955 3246 etiam
981 3177 1035 3246 lrie
1055 3177 1351 3270 pronuntiaverint,

257 3303 357 3370 quom
385 3280 488 3346 lorma
519 3277 677 3346 feminina
706 3279 879 3348 masculini
912 3279 1054 3346 nominis
1082 3277 1222 3362 Ἀλκμάν
1251 3303 1350 3368 agno-

258 3380 376 3446 scenda
408 3405 481 3448 esse
510 3381 668 3448 videatur.
720 3381 891 3448 Postremo
919 3385 1071 3460 Μυκῆναι
1099 3379 1140 3448 Ρ.
1163 3379 1226 3464 IV,
1249 3383 1290 3448 49
1320 3393 1353 3446 et

258 3483 300 3546 lr.
321 3481 385 3550 216
407 3506 446 3548 eo
467 3481 575 3550 minam
596 3479 754 3548 Doricum
776 3483 895 3566 luerit,
917 3481 1005 3574 quod
1026 3481 1208 3548 terminatio
1228 3483 1282 3550 Ξῗα
1302 3507 1352 3548 re·

258 3583 421 3672 liquorum
449 3581 597 3673 analogia
625 3583 762 3650 maxime
794 3583 827 3650 iu
850 3583 980 3652 urbium
1001 3581 1188 3649 nominibus
1209 3583 1351 3674 postula·

257 3695 322 3748 tur.
367 3684 520 3750 Ceterum
549 3686 746 3752 contendere
773 3685 950 3770 nolumus,
983 3683 1134 3750 omnibus
1161 3683 1350 3750 nominihus

258 3785 293 3850 in
316 3785 589 3862 senescentibus
617 3786 652 3852 iu
673 3787 795 3857 Dorica
815 3787 953 3854 dialecto
976 3815 996 3852 α
1017 3785 1235 3852 necessarium
1257 3809 1351 3870 esse3

258 3909 332 3950 nam
353 3909 472 3971 nomen
493 3887 641 3971 Ismene,
675 3887 763 3978 qood
785 3887 938 3956 Boeotiee
960 3887 1095 3970 Ἰσμιίνα
1123 3897 1251 3953 sonaret
1282 3885 1348 3950 vid.

258 3987 290 4072 ξ.
312 3989 373 4071 39,
395 3988 437 4071 2,
466 3987 588 4056 Doriee
609 3987 815 4056 hauddubie
836 3979 923 4056 esset
943 3989 1085 4074 Ἰσμὴνα.

322 4142 357 4222 d)
399 4143 555 4210 feminina
583 4143 742 4210 abstracta
768 4145 882 4212 tertiat
913 4145 1139 4213 deeliostionis
1168 4145 1202 4208 in
1225 4143 1271 4226 {a}
1292 4165 1350 4210 es-

260 4243 388 4328 euntia,
421 4256 456 4310 nt
484 4245 659 4333 πρεσβύτας
681 4245 782 4312 Ther.
806 4247 910 4328 2448,
947 4246 1098 4322 ον’κνιότας
1119 4244 1227 4310 Aetol.
1253 4243 1349 4326 8046,
