2894 4820
96 1679 414 1795 ennom
488 1683 979 1792 morroraooo
1039 1685 1190 1794 suo

550 1923 590 1996 S.
620 1925 663 1996 P.
693 1925 738 1998 D.

169 2129 482 2226 HENRICUS
511 2131 836 2225 LUDOLFUS
865 2133 1119 2227 AHRENS.

107 2591 230 2698 Primo
253 2621 378 2723 hujus
400 2624 520 2720 operio
547 2619 642 2696 libro
667 2633 821 2722 quatuor
846 2622 977 2697 abhioe
998 2626 1103 2698 annis
1129 2625 1192 2699 ab·

108 2725 211 2800 aelata
235 2751 345 2823 apem
371 2748 604 2822 conceperam
632 2723 710 2798 lieri
736 2751 862 2823 poree,
892 2739 933 2799 ut
951 2725 1192 2803 CaroloOtlo·

108 2825 198 2900 fredo
217 2826 425 2918 niueum,
470 2827 533 2925 qui
560 2846 603 2900 eo
628 2827 707 2924 lpeo
733 2839 892 2926 tempore
918 2827 1095 2903 Graecum
1122 2833 1193 2905 iter

109 2927 270 3026 panbnl,
308 2927 483 3002 ineolumi
508 2939 544 3000 et
571 2927 821 3002 honestissima
844 2929 974 3028 praeda
1001 2943 1133 3005 anneto
1153 2935 1190 3006 in

110 3033 254 3128 patriam
284 3029 409 3104 reduci
435 3029 668 3103 laetissimum
689 3033 846 3103 animum
873 3030 985 3104 altero
1006 3031 1100 3106 libro
1123 3045 1193 3107 tra·

111 3129 178 3207 dito
206 3131 426 3206 teatiliearer.
445 3119 461 3148 ⁰
487 3129 590 3226 Quae
616 3133 711 3205 enim
736 3143 858 3206 esseut
883 3132 927 3205 de
951 3133 1103 3208 dialecto
1119 3135 1193 3208 llo·

111 3237 207 3328 rien,
256 3257 329 3333 qno
370 3236 515 3306 nomine
550 3233 746 3307 inscribere
777 3233 919 3309 mallem
950 3261 1057 3336 qnam
1095 3235 1191 3336 ejus,

114 3341 172 3436 qni
199 3335 390 3410 Dorienaee
422 3359 507 3408 snos
538 3338 586 3410 ita
614 3335 746 3428 noluit,
790 3349 831 3409 nt
856 3338 952 3410 inter
979 3341 1113 3411 amieos
1134 3335 1194 3438 jo·

115 3447 229 3510 nutes
253 3439 329 3535 ipae
355 3439 542 3511 Doriensie
568 3437 828 3536 appellaretur,
871 3449 933 3512 aot
961 3443 1020 3512 eui
1050 3441 1193 3539 pietalis

119 3553 217 3640 alque
235 3541 474 3613 venerationis
490 3539 636 3639 aliquod
657 3540 909 3614 documentum
931 3541 1057 3634 edere,
1086 3565 1193 3642 quarn

120 3641 215 3739 eujne
238 3643 389 3742 insignia
418 3639 462 3716 de
488 3641 604 3716 lilerio
630 3653 667 3716 et
693 3642 738 3716 (le
765 3665 823 3716 me
848 3645 972 3716 merila
1000 3643 1193 3746 longinqui

121 3744 246 3816 itineris
270 3741 469 3842 perieulum
496 3755 532 3818 et
558 3743 674 3818 ielioio
699 3743 837 3818 reditun
863 3744 1080 3819 desiderium
1106 3758 1194 3817 tune

122 3849 255 3920 maxime
296 3847 333 3918 in
375 3847 582 3920 memoriam
626 3857 848 3920 revocarent.
929 3848 1008 3920 Deo
1047 3845 1194 3946 Optimo

121 3947 262 4023 llaximo
288 3947 393 4023 aliter
425 3951 571 4047 placuit.
652 3947 745 4022 Nam
772 3957 809 4022 et
833 3947 1015 4022 scribendi
1042 3946 1193 4020 difficol-

123 4061 185 4144 lm,
228 4077 332 4153 quarn
358 4053 529 4149 inprimi
555 4047 639 4122 libri
672 4046 893 4150 praelatione
922 4061 1071 4150 queelne
1097 4073 1193 4142 eram

125 4151 293 4250 (prmum
321 4155 553 4252 scriptorium
579 4153 709 4227 medici
736 4149 892 4327 dieuntp',
927 4156 966 4224 in
992 4145 1069 4224 (lieo
1093 4163 1196 4225 aucta

123 4277 219 4356 neque
257 4259 335 4331 ullo
375 4255 717 4337 medicamentorum
759 4254 817 4328 vel
888 4253 1089 4327 alneorum'
1108 4275 1193 4346 usu,
