2844 4806
369 405 428 482 Ad
450 401 613 482 Librum
635 403 857 484 Secundum.
1082 345 1158 484 ool

63 605 344 676 commemoranda
366 619 482 696 mant,
518 609 608 702 quod
627 609 736 678 omnia
758 631 843 702 quae
863 609 900 676 in
920 631 988 676 rem
1010 609 1160 702 proposi·

62 721 129 776 um
150 711 257 776 iacere
273 708 476 795 viderentur,
498 733 676 802 congerere
694 711 938 779 constituimus.
960 751 1002 765 --
1023 711 1161 805 Schnei-

64 811 216 880 dewinus
244 811 348 902 igitur
374 825 488 880 noster
512 815 575 880 lroc
602 814 722 882 lubens
744 814 933 897 concessit,
974 814 1160 889 Ἰπποκλέας

62 937 130 981 non
151 937 249 1004 posse
267 914 373 981 vocali
392 913 514 982 Dorice
534 926 656 982 munta
677 940 718 982 ex
730 917 916 995 Ἰπποκλέης
937 927 1049 984 ustum
1072 939 1161 994 esse,

64 1015 124 1084 sed
150 1039 270 1084 nomen
293 1015 416 1092 Κλεύας
445 1017 536 1100 (vide
558 1016 700 1108 Papium
721 1029 755 1084 et
774 1018 864 1086 lieil.
887 1018 1001 1086 Auall.
1031 1042 1067 1108 p.
1088 1017 1161 1100 71),

63 1117 153 1208 quod
174 1141 235 1209 prn
255 1120 357 1195 Κλέας
378 1129 488 1202 esset,
519 1141 738 1210 comparans,
778 1119 979 1212 peculiarem
999 1117 1162 1212 quandam

62 1219 207 1288 nominis
235 1219 462 1288 formationem
491 1221 637 1312 ognovit.
694 1219 784 1288 Tum
812 1243 875 1312 ego
903 1222 1013 1313 ipsum
1041 1243 1163 1288 nomen

62 1323 167 1398 Κλέας
189 1319 418 1413 suppeditavi,
456 1321 546 1412 quod
567 1321 698 1389 lleilius
718 1323 744 1388 l.
768 1322 794 1390 Ι.
817 1323 988 1392 verissime
1009 1322 1046 1390 in
1065 1323 1164 1391 titulo

62 1425 229 1491 Arcadico
251 1449 301 1490 nr.
319 1425 403 1492 1513
423 1422 567 1490 restitnit
588 1425 704 1501 (Κλέας
729 1423 878 1510 Θρασέαν
899 1448 959 1516 pro
979 1427 1165 1501 Κλεαοθλας

57 1523 163 1612 Ἐκυ)
185 1537 218 1592 et
237 1525 362 1617 Papius
384 1548 402 1592 e
424 1549 558 1592 nummo
571 1526 685 1594 Attico
702 1525 832 1594 Miouu.
848 1527 894 1594 ll.
919 1549 954 1616 p.
968 1527 1032 1595 142
1051 1527 1164 1614 offert,

63 1629 124 1696 sed
144 1628 263 1720 negavi
284 1651 355 1694 earn
374 1625 661 1712 terminationem,
702 1649 787 1715 quae
814 1625 850 1692 in
874 1627 1018 1717 simplici
1038 1651 1164 1696 assum·

61 1742 119 1822 pta
145 1731 190 1798 sit
218 1741 256 1795 ut
282 1729 319 1794 in
346 1729 517 1812 Θρασέας,
553 1728 699 1810 Κρατέας
728 1735 762 1792 et
789 1725 978 1813 similihs,
1018 1728 1055 1796 in
1077 1753 1164 1796 com·

61 1831 174 1923 posito
196 1831 305 1897 locum
327 1828 457 1895 labere.
518 1826 627 1895 Simul
648 1828 742 1896 attuli
762 1825 1004 1915 ’Δριοτοκλεάς,
1035 1829 1164 1898 ΑαΙτκοί

62 1955 184 2000 nomen
206 1931 242 1998 in
265 1931 360 1998 titulo
383 1929 479 1997 valde
506 1929 631 1996 recenti
661 1929 754 1997 (1.1.
787 1953 838 1996 nr.
861 1931 949 2017 812,
982 1931 1165 2000 Fourmon·

61 2035 162 2102 tianis
192 2045 299 2100 tamen
323 2032 454 2100 schedia
475 2031 615 2099 multum
642 2031 721 2100 lidei
749 2031 865 2100 laaberi
892 2055 960 2100 non
988 2055 1087 2124 posse
1109 2033 1165 2102 sd·

61 2157 226 2221 monens,
256 2147 289 2202 et
306 2133 487 2218 Ἠρακλέας
516 2133 550 2200 in
579 2133 677 2202 titulo
704 2135 828 2204 receuti
848 2135 962 2202 Attico
985 2135 1025 2200 C.
1049 2135 1079 2202 1.
1109 2159 1162 2202 nr.

61 2239 285 2324 300.1‚12‚
329 2236 420 2328 qnod
450 2258 570 2302 nomeu
599 2233 719 2303 Portus
746 2237 891 2332 versanti
922 2235 1005 2304 milri
1033 2236 1164 2304 lieilius

61 2340 302 2425 indicaverat3.
325 2363 386 2430 pro
408 2341 471 2406 lroc
492 2337 707 2428 Ponqusvilli
728 2339 868 2408 schedae
886 2339 1053 2424 Ἠρακλᾶς
1072 2362 1164 2430 pras·

61 2441 165 2528 beot,
201 2467 298 2534 qnam
321 2443 457 2510 formam
480 2463 548 2508 nou
567 2439 678 2508 miuus
700 2465 798 2531 qnam
818 2444 1003 2528 Ἠρακλκᾶς
1022 2441 1166 2508 indicavi

63 2569 108 2613 ex
127 2544 393 2633 Ἠρακλεόδωρος
422 2544 620 2610 decurtstsm
642 2543 750 2632 putari
773 2566 896 2633 posse,
939 2555 976 2610 ut
997 2547 1104 2622 Ζηοᾶς
1132 2553 1166 2610 et

63 2652 207 2732 Μητρᾶς
227 2657 306 2714 sunt
330 2669 392 2737 pro
414 2643 601 2729 Ζηνόδωρος
621 2656 655 2712 et
674 2644 896 2732 Μητρόδωρος
917 2643 986 2712 uid.
1010 2643 1164 2710 Auscdd.

63 2749 172 2816 Belrlr.
195 2775 229 2841 p.
244 2751 328 2818 Ι857.
379 2746 428 2814 At
450 2745 726 2816 Schneidewiuus
747 2745 816 2814 illis
837 2745 1014 2837 praesidiis
1036 2746 1166 2836 Hippo·

65 2851 171 2920 oleam
194 2850 275 2918 setis
296 2850 418 2918 muniri
438 2860 530 2918 ratus
551 2848 690 2940 insuper
710 2847 786 2917 Gar.
810 2847 903 2916 Frid.
928 2847 1112 2914 Hermauui
1133 2855 1167 2914 ct

65 2952 267 3038 Leutselrii,
296 2953 496 3040 collegarum
518 2951 806 3036 doctissimorum,
829 2973 993 3018 consensu
1016 2947 1164 3040 gloriari.

66 3055 135 3123 Cui
157 3077 260 3144 quum
280 3053 394 3144 paullo
415 3053 636 3122 confidentius
658 3053 858 3143 respondere
879 3051 1082 3142 coepissem,
1111 3073 1168 3118 ac-

65 3155 174 3240 cidit,
216 3165 254 3221 ut
274 3153 414 3246 epistole
436 3155 583 3224 nondum
604 3155 716 3224 clausa
740 3153 963 3239 Πατροκλέας,
1009 3175 1097 3220 unus
1126 3175 1168 3220 cx

64 3257 360 3328 interlocutoribus
387 3257 423 3323 in
453 3259 652 3326 Plutarcheo
679 3256 812 3344 dialogo
834 3255 877 3322 ds
906 3254 989 3322 Sera
1009 3251 1167 3322 Numinis

65 3361 246 3443 Vindicta,
287 3359 372 3426 miro
393 3359 536 3450 quodam
557 3383 635 3426 easu
666 3359 795 3426 oblatus
824 3357 955 3426 taudem
984 3355 1167 3448 graviorem

66 3463 306 3532 dubitationem
327 3461 492 3548 injiceret.
559 3461 642 3528 Nam
667 3483 769 3552 quum
791 3459 1014 3528 nominativus
1037 3463 1168 3542 Πατρο-

66 3568 161 3643 κλέας
181 3575 298 3658 quater
318 3563 448 3654 legatur
468 3567 501 3648 ἕ.
514 3567 545 3631 1.
560 3565 594 3632 2.
608 3565 641 3631 7.
656 3563 710 3648 17,
740 3563 909 3632 vocativus
932 3557 959 3626 ol
981 3559 1168 3644 Πατροκλέα

66 3670 123 3737 lsis
143 3667 177 3751 ξ.
201 3668 233 3733 3.
257 3667 300 3750 8,
338 3665 503 3757 genitivus
527 3666 748 3751 Πατροκλέους
769 3664 873 3733 semel
900 3663 933 3746 ἓ.
957 3661 1001 3746 3,
1034 3683 1095 3728 nec
1117 3658 1167 3726 di·

65 3791 188 3838 versus
206 3771 305 3836 homo
326 3768 357 3835 is
379 3791 453 3836 esse
473 3767 643 3847 videatur,
687 3791 786 3860 quem
807 3764 1005 3834 Plutarchus
1028 3761 1165 3849 Quaest.

68 3872 187 3960 Symp.
210 3869 301 3954 Vll,
323 3871 410 3954 d,2
440 3870 627 3958 Πατροκλέα
655 3867 709 3935 τότ
735 3866 878 3954 ραμρρόκ
903 3865 1069 3957 appellnt,
1101 3861 1168 3952 pri·

67 3993 161 4042 mum
180 3983 336 4062 apparet,
375 3983 498 4040 tomus
526 3969 562 4036 iu
590 3969 696 4060 prima
715 3970 795 4038 libri
816 3969 1020 4061 panprapho
1039 3963 1168 4054 Xplan·

69 4072 167 4142 druna
186 4075 410 4158 Πατροκλέας,
432 4071 727 4162 Wytteulsaehium
745 4068 947 4157 Πατροκλτύς
968 4091 1010 4136 ex
1030 4065 1168 4156 iugenio

67 4174 309 4268 proposuisss;
351 4199 427 4244 narn
454 4197 576 4242 nomen
600 4170 823 4260 Πατροκλεές,
864 4195 930 4265 qno
958 4170 1047 4238 idern
1069 4170 1168 4238 homo

68 4277 176 4345 utitur
204 4277 241 4343 in
261 4277 446 4370 fragmento
467 4277 665 4347 Plutarehco
688 4274 783 4342 Stolr.
808 4274 915 4344 Serm.
940 4271 1062 4356 CXX,
1082 4269 1168 4342 280

116 4403 162 4470 11.
930 4399 973 4466 so
