2890 4812
290 393 324 485 §-
352 394 412 471 39.
464 393 521 466 De
544 389 859 492 conjugationem
883 421 933 482 μι.
1088 385 1164 464 317

71 599 111 666 de
140 599 231 684 conj.
263 599 298 664 in
326 625 362 681 μν
391 599 423 682 ξ.
447 596 479 666 7.
525 597 666 664 lbidcm‘
681 595 933 660 demonstratum
956 607 1006 660 est
1027 595 1165 684 primam

71 699 231 790 pluralem
262 701 418 785 ἐθήκαμεν
447 717 480 770 et
509 701 664 780 ἐδώκαμεν
694 697 850 788 genuinis
877 697 1010 785 linguae
1033 699 1165 788 legibue

71 827 254 891 repugnare
274 817 307 869 et
327 803 541 872 recentiorem
562 800 742 868 hahendam
770 823 863 884 essc3
895 799 1059 889 antiquior
1084 823 1166 891 qno·

72 927 136 994 quc
157 904 261 971 Doris
291 905 401 990 ἔθιγες
428 917 461 974 et
488 905 596 986 ἔδομες
621 902 752 968 dixerit.
806 901 959 970 Ceterum
990 925 1098 992 neque
1128 903 1166 970 in

73 1005 212 1094 reliquis
235 1007 391 1093 objectivi
420 1008 528 1074 modis
556 1029 663 1098 neque
690 1005 725 1070 in
753 1003 937 1090 subjectiva
959 1005 1167 1094 reperiuntur

73 1107 215 1185 formae,
238 1131 322 1196 quae
344 1119 377 1174 et
397 1135 416 1174 κ
435 1121 470 1176 et
494 1109 593 1200 primi
615 1107 729 1174 coristi
750 1107 996 1173 terminationes
1011 1108 1164 1174 habeant.

155 1211 191 1288 7)
233 1211 272 1275 ln
305 1209 434 1278 tertia
462 1210 623 1301 plurali
651 1209 882 1298 praeteriti
903 1208 1049 1277 Doribus
1080 1211 1167 1277 sieut

71 1309 235 1378 Aeolibus
257 1325 292 1378 et
310 1312 445 1378 Boeotis
467 1337 527 1402 pro
550 1313 680 1402 vulgari
701 1310 930 1378 terminatione
954 1337 1013 1376 σαν
1035 1311 1168 1380 brevior
1284 1364 1290 1375 .

72 1413 128 1477 illa
151 1439 169 1475 ν
192 1411 411 1498 adscribitur,
436 1439 518 1503 quae
541 1415 685 1481 vocalem
708 1413 951 1480 antecedentem
975 1415 1110 1505 corripit
1123 1419 1165 1498 ⁷),

72 1537 180 1603 neque
212 1513 282 1582 lere
311 1515 374 1582 alia
403 1517 438 1582 iu
469 1517 622 1605 genuinis
645 1515 783 1582 Doridis
813 1515 961 1582 lontibus
991 1517 1165 1606 reperitur.

73 1615 123 1682 En
144 1615 312 1705 portinent
332 1616 368 1680 iu
390 1618 514 1684 Lacon.
532 1617 612 1686 1511
635 1618 725 1700 ἔδον,
748 1618 783 1682 in
805 1619 897 1704 galea
912 1618 1038 1704 Argiva
1060 1643 1110 1683 ur.
1124 1621 1167 1686 29

73 1717 203 1796 ἀνέθεν,
237 1717 274 1782 iu
295 1718 418 1786 tabulis
440 1719 717 1786 Heracleensibus
740 1719 791 1803 11,
816 1717 1032 1804 illiricianus,
1067 1721 1102 1800 l,
1127 1721 1166 1786 51

74 1821 209 1903 deipnos,
235 1819 265 1902 1,
287 1819 338 1886 91.
354 1821 396 1886 95
418 1823 659 1900 terminantes,
685 1821 774 1888 Cret.
798 1819 997 1888 30513052
1018 1823 1167 1908 διίλεγεν,

71 1923 149 1986 item
173 1921 261 2010 apud
281 1919 513 1990 Archimedem
535 1933 692 2010 regnaut,
716 1934 754 1987 ut
775 1923 815 1988 dc
836 1922 961 2005 Quadr.
979 1926 1056 1990 Par.
1079 1950 1112 2014 p.
1127 1926 1168 1991 17

9 2051 10 2058 “
72 2025 306 2106 aureliacen,
341 2023 490 2090 delion.
517 2049 550 2115 p.
574 2024 638 2092 257
662 2025 878 2102 συνεξέδοθεν,
912 2025 1017 2092 Aren.
1048 2051 1081 2116 p.
1105 2025 1169 2092 315

73 2124 188 2188 ἔωθεν.
235 2123 422 2214 imperfecti
452 2128 621 2216 exempla,
655 2137 691 2190 ut
719 2126 895 2192 Pindarico
921 2129 1008 2192 τίθεν
1036 2127 1077 2192 P.
1101 2127 1167 2212 Ill,

72 2225 131 2309 65,
156 2233 200 2290 ἵεν
213 2225 328 2290 lsthm.
347 2227 376 2310 1,
391 2227 453 2308 25,
475 2229 510 2294 iu
533 2229 625 2317 puris
647 2229 793 2294 lontibus
815 2253 892 2296 casu
909 2253 975 2294 uon
989 2227 1166 2320 eleguutuu

73 2327 139 2394 Sed
163 2328 279 2393 eodem
299 2321 440 2417 pertinet
462 2329 622 2398 Doricum
642 2326 681 2409 ἦν
702 2355 761 2422 pro
783 2326 885 2415 ἦσαν,
919 2332 959 2398 de
986 2357 1052 2422 quo
1081 2331 1168 2399 vide·

73 2428 184 2494 liiurus
206 2429 239 2512 ξ.
262 2428 316 2496 10.
739 2507 742 2519 ι

157 2532 315 2598 Vocalcm
339 2531 473 2600 ultimae
495 2533 617 2624 corripi
639 2536 804 2622 diximus,
837 2537 877 2603 de
899 2559 964 2628 quo
984 2560 1021 2602 re
1044 2545 1171 2602 constat

75 2634 174 2700 etiam
203 2657 244 2700 ex
265 2635 441 2702 Homerica
463 2637 603 2724 dialecto
630 2638 697 2705 vid.
722 2640 803 2706 diss.
829 2651 932 2705 nostr.
957 2639 998 2706 de
1020 2639 1109 2725 conj.
1132 2638 1169 2704 in

73 2763 106 2818 με
134 2737 246 2826 p.10.
291 2737 354 2803 Cui
383 2741 516 2828 regulae
538 2765 621 2830 quae
652 2741 883 2819 adversantur,
923 2741 1170 2830 suspectissima

8 2899 9 2910 ff
75 2851 164 2904 suut.
210 2837 385 2906 Pindarico
418 2842 511 2924 ἔγνων
541 2843 582 2907 Ρ.
606 2841 675 2926 1Χ,
699 2845 741 2910 79
770 2857 802 2909 et
832 2842 960 2927 ἀνέγνων
981 2843 1096 2908 Isthm.
1121 2843 1169 2926 11,

74 2941 115 3007 13
137 2963 207 3006 nou
228 2943 338 3010 miuus
360 2953 463 3009 metro
486 2943 629 3032 patiente
651 2945 686 3010 iu
710 2943 795 3029 ἔγνον
816 2953 850 3010 et
871 2944 996 3028 ἀνέγνον
1016 2945 1171 3010 mutanda

75 3055 173 3127 sunt,
209 3067 306 3132 quam
327 3056 430 3112 metro
449 3047 588 3132 jubente
611 3047 652 3111 Ρ.
676 3047 738 3131 IV,
764 3045 827 3113 110
848 3046 933 3130 ἔγνον
955 3071 973 3112 e
994 3047 1110 3135 paucis
1131 3047 1171 3112 li·

75 3144 143 3212 bris
161 3159 329 3234 receptum
348 3160 409 3225 est,
433 3171 540 3236 neque
556 3149 650 3215 aliter
671 3147 763 3232 ἔγνων
778 3147 877 3214 Hom.
894 3150 939 3216 H.
957 3147 1031 3214 Cer.
1051 3150 1111 3214 111
1134 3148 1171 3214 in

75 3246 172 3329 ἔγνον.
219 3248 286 3313 Pro
306 3247 444 3329 μιάνθην
465 3251 507 3316 11.
533 3253 560 3329 d,
586 3251 648 3318 146
669 3253 798 3332 plaudes
819 3249 951 3316 restitui
968 3273 1079 3339 posse,
1103 3249 1171 3316 Ho-

75 3350 197 3416 merico
230 3375 328 3416 versu
359 3361 433 3418 ante
461 3373 626 3418 caesuram
658 3351 842 3419 bucolicum
874 3353 1060 3418 trochaeum
1091 3353 1171 3418 tale·

76 3463 186 3534 rante,
209 3449 425 3520 indicavimus
448 3454 473 3520 1.
486 3455 509 3521 1.
532 3479 564 3545 p.
579 3455 632 3522 36.
679 3455 725 3520 At
745 3455 842 3521 etiam
863 3455 898 3522 iu
919 3455 1016 3522 titulo
1040 3453 1172 3521 Cretico

110 3675 139 3736 1)
173 3673 248 3726 Anu.
268 3671 344 3726 On·
369 3671 536 3739 1,119,1,
564 3673 609 3726 Et·
630 3673 670 3730 lll.
692 3675 759 3740 531,
778 3675 828 3741 31,
855 3673 911 3734 Et..
926 3671 965 3728 G.
992 3674 1112 3742 511,13
1136 3673 1172 3726 de

76 3755 211 3819 odorlico:
246 3759 309 3818 ἔθος
331 3756 384 3830 γὰρ
407 3761 508 3825 1χοοονν
531 3757 556 3812 ol
577 3757 681 3818 Αἰολεῖς
703 3761 748 3812 sal
763 3760 871 3832 Δωριεῖς
894 3755 930 3812 τοὶ
954 3761 1048 3826 {pavea
1065 3758 1172 3829 ῥήματα

76 3841 124 3912 τὴν
141 3844 254 3916 μετοχὴν
270 3844 335 3904 alei
352 3843 412 3908 μοι’
431 3845 513 3905 ὀξείας
536 3843 633 3905 τάσεως
650 3843 814 3916 σχηματίζειν
829 3844 864 3898 τὰ
882 3845 962 3918 splen
978 3849 1030 3898 τῶν
1048 3849 1171 3916 atqcue-

77 3935 153 3984 τινῶν
176 3931 272 3998 (dard
291 3929 326 4001 μὴ
344 3933 437 3996 ἔχοντα
456 3933 521 3988 edd.
541 3933 645 3989 Oxxl·
671 3928 754 4005 ὥςπερ
778 3933 822 3984 acl
837 3931 868 3984 τὸ
888 3933 1026 4001 κόσμηθεν.
1055 3961 1088 3974 -
1124 3931 1169 3986 Et.

77 4015 112 4070 G.
134 4020 199 4084 156,
220 4021 254 4074 16
272 4019 363 4084 ἔσταν,
391 4019 437 4074 Et.
456 4017 580 4099 111111,
600 4019 633 4072 15
658 4015 785 4090 ἤγερθεν,
814 4019 858 4072 ld.
878 4021 943 4079 531,
961 4021 995 4074 31
1018 4027 1046 4072 et
1069 4017 1114 4072 Et.
1135 4019 1170 4072 G.

76 4105 141 4170 53⁴,
158 4105 193 4159 11
210 4104 308 4178 τράφεν
325 4115 354 4158 et
371 4103 517 4174 κόσμηθεν,
536 4104 642 4160 Scholl.
663 4105 699 4157 ll.
717 4125 742 4171 γ,
762 4109 776 4158 1
795 4104 936 4174 κόσμηθεν,
955 4105 1030 4162 Αηη.
1049 4107 1125 4159 Oxx.
1148 4105 1171 4171 1,

78 4191 111 4256 9,
130 4191 160 4244 11
179 4187 345 4256 tumuere.
364 4221 399 4234 -
428 4191 568 4249 Perverse
586 4193 658 4246 Anu.
678 4191 754 4245 ΟΠ.
774 4191 906 4258 11,·359,
927 4195 958 4247 ll
977 4194 1035 4246 sam
1052 4194 1096 4245 sat
1112 4194 1171 4248 Λω-

77 4279 152 4344 ossele
166 4277 266 4332 Ιδοσον.
