3342 4822
412 391 442 485 §-
467 396 527 472 ³1.
572 398 629 470 De
650 397 888 472 declinatione
907 400 1083 473 anomala.
1218 399 1295 476 245

208 594 335 662 dieitur.
390 599 504 688 ltaque
533 599 698 690 antiquam
720 611 753 666 et
774 600 948 689 genuinam
971 602 1129 670 Doridem
1154 605 1294 670 Heridda

206 699 454 786 pronuntiasse,
487 712 523 768 ut
549 705 661 768 Fiam
690 727 750 793 pre
778 703 911 780 lonico,
944 705 1056 800 Attice
1077 717 1110 770 et
1132 705 1293 774 Lesbiaco

207 801 322 878 εἴκοσι,
346 802 390 865 ef.
413 801 445 886 ἕ.
461 803 523 878 22,
547 805 586 886 3,
609 815 732 872 certum
755 805 910 872 habemus
934 829 994 872 ucc
1014 807 1199 874 dubitamus
1215 809 1293 874 Piu-

207 899 284 968 dare
304 902 497 992 optimorum
531 905 689 974 librorum
718 906 890 976 lectionem
916 911 1090 984 Ποτῐδᾶνος
1111 910 1290 976 restituere.

205 1001 321 1093 Neque
353 1006 486 1072 omniuo
518 1007 662 1072 secunda
693 1009 796 1074 ferma
828 1009 983 1076 Heeeeda'u
1017 1010 1095 1076 satis
1125 1013 1291 1078 luculenta

205 1107 395 1174 auctoritate
421 1110 639 1178 centimeter.
695 1111 805 1176 Facile
827 1109 914 1178 enisu
936 1111 1191 1196 existimaveris,
1225 1113 1293 1180 fle-

205 1207 375 1274 redianum
397 1237 430 1274 π.
453 1237 486 1292 μ.
509 1219 559 1290 t.‚
582 1214 639 1300 qui
663 1214 682 1278 e
702 1211 735 1276 in
755 1213 773 1276 i
795 1213 911 1278 mutari
933 1212 1054 1280 decens
1077 1213 1159 1280 nihii
1182 1213 1221 1280 de
1245 1215 1292 1278 di·

205 1311 373 1400 phthauge
403 1323 521 1384 mutata
551 1313 671 1396 tradit,
704 1313 811 1380 minus
832 1326 981 1380 accurate
1009 1315 1152 1382 locutum
1180 1326 1212 1382 et
1239 1340 1291 1382 ee·

206 1411 289 1480 dicis
318 1413 476 1480 lectiones
500 1415 660 1480 Heeeeddv
688 1426 785 1506 atquc
813 1416 848 1480 in
876 1415 1058 1506 fragmento
1077 1417 1291 1506 Epicharmco

207 1516 403 1592 Ποσειδᾶνος
431 1539 449 1582 e
473 1516 612 1582 Ποτιὸάν
640 1529 673 1582 et
703 1519 900 1600 Heredeivee,
944 1541 1010 1587 neu
1038 1543 1056 1583 e
1080 1519 1233 1584 Hereadeiu
1260 1531 1292 1584 et

207 1619 398 1691 Ποτειδᾶνος
418 1627 567 1706 compta
589 1639 674 1682 esse.
719 1617 792 1686 dam
814 1631 914 1686 restat
928 1619 1009 1686 mira
1031 1619 1205 1686 accusativi
1229 1617 1291 1692 dor·

204 1741 254 1784 nra
275 1721 416 1792 Hereadei
436 1719 582 1786 Acheru.
605 1719 687 1801 764,
722 1743 816 1809 quaet
847 1745 865 1786 e
889 1723 1070 1786 Heeudeiae
1098 1732 1204 1788 natam
1232 1745 1291 1811 pu·

185 1830 273 1886 ·tant
294 1831 330 1886 ut
353 1824 500 1886 Ποσειδῶ
527 1846 553 1886 e.
571 1823 767 1886 Ποσειδῶνα.
825 1825 872 1888 At
899 1833 936 1888 et
963 1823 1042 1888 lsaec
1069 1847 1213 1914 apocope
1239 1824 1291 1889 vei

204 1921 313 2010 petius
342 1922 540 2002 contractio,
573 1947 638 2012 qua
665 1924 870 1990 accusativus
892 1923 926 1990 in
950 1951 975 1988 ω
996 1923 1110 1990 exiens
1130 1925 1291 2014 gignitur,

204 2025 316 2090 multis
337 2025 497 2114 analogiis
521 2025 640 2106 utitur,
675 2026 718 2094 itu
747 2025 803 2090 ἰΙΙι
827 2025 1004 2114 singularis
1026 2035 1076 2091 est
1096 2038 1192 2115 atque
1215 2025 1290 2092 seii·

203 2125 294 2191 taria.
340 2125 454 2216 ltaque
475 2149 514 2192 eo
535 2127 752 2208 inclinemus,
776 2138 812 2192 ut
833 2127 974 2194 Aldinae
996 2127 1167 2194 lectionem
1191 2129 1291 2192 neeri-

204 2230 261 2292 δαν
290 2229 438 2318 proxime
466 2229 506 2294 ad
535 2251 645 2294 verum
676 2227 828 2296 accedere
852 2239 884 2296 et
904 2255 921 2292 a
943 2239 1075 2318 prepter
1095 2229 1197 2294 Attici
1223 2235 1290 2294 Πο-

205 2331 298 2394 eeedoi
318 2331 502 2432 analogiam
524 2329 558 2394 in
580 2317 746 2421 plerisque
768 2331 864 2396 libris
885 2331 1045 2418 abjectum
1074 2353 1167 2414 esse,
1200 2329 1289 2396 deni·

204 2455 268 2522 que
301 2443 336 2497 ot
367 2442 512 2522 quartem
544 2434 700 2514 formam,
744 2431 840 2518 eujus
871 2432 1074 2498 aecusativus
1102 2431 1137 2496 in
1166 2459 1182 2494 ν
1209 2431 1289 2511 exit,

206 2535 344 2600 Hereda'io
365 2523 598 2600 restituendam
620 2557 695 2598 esse
715 2545 876 2621 putemus.
928 2533 1082 2598 Ho'redar
1103 2533 1137 2598 in
1160 2531 1291 2598 Rhoete

202 2635 289 2702 dicte
312 2659 424 2726 parum
448 2636 650 2702 auctoritatis
672 2635 779 2701 habet.
824 2635 875 2701 Ne
890 2634 1050 2700 Heueedda
1072 2633 1201 2722 quidem
1219 2633 1290 2698 sine

203 2736 405 2802 dubitatione
435 2736 595 2826 genuisse
617 2735 735 2802 Doridi
759 2737 920 2824 assignari
943 2745 1048 2824 petest
1108 2735 1189 2800 Nam
1213 2734 1290 2800 Piu-

203 2839 299 2904 darus
321 2865 390 2904 eam
414 2839 549 2904 formam
579 2861 597 2903 e
620 2837 778 2904 Lesbiaca
801 2839 938 2904 dialecto
971 2835 1129 2904 asciscere
1151 2847 1286 2928 peterat,

202 2955 233 3006 et
255 2941 452 3023 Posidonia,
477 2963 572 3031 quam
591 2939 730 3020 ,Selinus
752 2965 781 3006 c.
805 2943 827 3006 2
848 2965 864 3005 a
887 2937 1107 3006 Doricusibus
1128 2938 1289 3004 conditam

202 3044 302 3128 dicit,
338 3043 516 3108 secuudum
540 3041 717 3130 Scymnum
740 3041 858 3108 Citium
888 3067 919 3106 v.
943 3041 1006 3107 245
1037 3053 1069 3106 et
1097 3039 1289 3106 Strabonem

201 3146 232 3208 V
255 3171 286 3236 p,
304 3147 367 3212 384
385 3146 496 3234 petius
518 3142 741 3232 Sybaritarum
762 3143 967 3208 Achaeorum
991 3143 1118 3208 colonia
1140 3152 1224 3218 erat,
1248 3141 1289 3206 de

202 3273 338 3338 querum
362 3247 501 3310 dialecto
523 3268 633 3333 parum
657 3255 793 3309 constat.
847 3243 962 3332 Neque
987 3243 1165 3309 Herodiaui
1198 3243 1288 3310 testi-

203 3349 307 3413 monia
336 3347 572 3413 dubitationem
605 3369 668 3410 neu
699 3346 891 3430 admittunt3
937 3369 1009 3412 nam
1043 3347 1075 3410 iu
1106 3345 1191 3410 libre
1219 3349 1289 3426 need

200 3477 271 3530 μου.
293 3457 373 3527 iet„
411 3449 468 3514 ubi
495 3448 654 3512 Ποσειδᾶν
678 3446 795 3512 Doridi
818 3458 850 3512 et
872 3448 1004 3512 Aeottei
1027 3446 1125 3512 tribui
1147 3445 1288 3528 videtur,

201 3551 357 3618 Doricum
382 3551 522 3617 Ποτιδὰν
545 3549 707 3616 excidisse
729 3550 857 3618 videtur
876 3561 930 3614 aut
950 3549 990 3614 ab
1012 3549 1085 3636 ipse
1107 3548 1287 3630 emissum,

201 3655 235 3718 in
258 3655 348 3720 Aen.
373 3653 459 3718 (tax.
484 3653 596 3718 ultima
627 3653 669 3716 ita
693 3651 935 3740 transponendo
957 3651 1098 3718 sauaeda
1122 3661 1220 3730 suut,
1254 3661 1289 3712 ut

204 3756 342 3822 Ποτιδὰν
371 3753 524 3830 ὀξυτόνως
552 3753 709 3820 Doricum
739 3755 886 3834 dicatur,
924 3755 1081 3818 Heeaideu
1111 3749 1289 3832 βαρυτόνως

201 3855 395 3936 Aeolicum,
428 3879 528 3946 quare
550 3853 644 3920 etiam
669 3855 864 3920 antecedens
887 3853 1046 3918 Heaeeadeia
1069 3853 1102 3916 in
1130 3849 1288 3940 suspicie-

201 3981 276 4022 uem
296 3959 390 4024 eadit.
436 3957 551 4022 Restat
574 3967 609 4022 ut
630 3957 669 4021 de
691 3969 827 4022 accentu
850 3957 1008 4022 dicamus.
1027 3945 1194 4045 mecedem
1215 3959 1288 4028 (nec

201 4059 310 4126 minus
334 4059 488 4126 Ποτειδὰν
510 4071 542 4123 et
566 4057 741 4134 Ileeeedda,
771 4059 800 4122 ei
824 4083 859 4122 ea
883 4083 958 4124 vere
981 4054 1099 4122 Dorica
1124 4051 1216 4136 suut)
1239 4078 1288 4116 ere-

201 4161 342 4228 euudum
357 4159 639 4250 grammaticorum
661 4172 830 4251 praccepta
853 4171 885 4226 et
906 4158 1102 4248 reliquorum
1121 4155 1287 4220 nerninem

203 4262 240 4326 iu
262 4287 318 4338 aa,
353 4265 440 4356 qued
463 4287 505 4332 ex
527 4289 590 4328 eun
611 4273 809 4330 contractum
832 4273 900 4344 est,
937 4255 1118 4344 aruleqiare
1151 4255 1230 4334 (vid.
1255 4265 1286 4332 ξ.
