2862 4808
238 367 344 446 ‚tls
522 371 555 462 §.
577 367 639 445 48.
693 369 750 443 De
777 366 926 442 mitiore
951 367 1100 442 Doride.

265 567 373 658 mugit
394 567 543 636 minusve
556 567 746 654 inclinetur,
767 569 920 656 maxime,
944 581 1100 662 φιιιιῑιιω
1115 571 1246 650 coimus,
1269 573 1353 664 epod
1418 586 1419 658 l

267 669 460 759 Calymniou
493 681 527 739 et
557 671 861 762 Astypnlreeuses,
893 673 1029 740 minime
1058 675 1146 764 opud
1177 675 1355 758 Theanus,
1418 669 1419 758 J

264 795 362 860 quum
382 771 616 840 connectionis
636 773 796 842 ustionem
813 773 966 842 uricinis
984 775 1118 842 louilrus
1133 777 1270 844 mutuati
1284 799 1356 844 esse
1418 785 1419 794 ’

264 873 428 941 videntur.
473 873 627 942 Ceterum
646 875 733 942 iuter
756 901 792 944 se
817 876 973 944 differunt

348 975 382 1057 ι’)
422 975 685 1045 Rhodiorum
713 978 892 1063 dialectos,
925 1003 1009 1070 quse
1037 979 1150 1046 codem
1177 980 1213 1044 in
1243 977 1358 1060 Gelos,

265 1073 470 1144 Rhodiorum
498 1078 666 1164 colonico,
709 1091 742 1146 ct
762 1080 942 1172 Agrigenti
972 1105 991 1146 ι
1013 1081 1213 1148 Gelensibus
1236 1080 1360 1146 conditi

264 1178 371 1266 titulis
398 1181 611 1271 conspicitur.
664 1181 808 1249 Voccles
830 1206 863 1249 so
884 1181 921 1247 iu
942 1182 1049 1249 titulis
1069 1181 1212 1248 erodiir
1233 1193 1360 1248 contro·

262 1290 333 1346 ctcc
355 1305 389 1345 ευ
409 1281 556 1350 efficiunt
575 1283 611 1348 iu
633 1283 791 1373 genitivis
811 1305 928 1352 vocum
950 1285 985 1350 iu
1007 1309 1047 1362 ης
1063 1295 1096 1350 et
1112 1307 1275 1375 emoneo
1296 1296 1359 1349 ter·

262 1381 341 1447 tium
362 1381 613 1452 declinationem
634 1397 833 1475 sequuntur,
864 1399 902 1452 ut
921 1385 1123 1471 Εὐκράτευς,
1146 1385 1256 1472 dorne,
1281 1409 1358 1450 cou-

262 1494 312 1550 trn
332 1485 462 1573 rulgnri
482 1485 609 1554 untione
629 1513 665 1554 ou
686 1489 723 1554 iu
744 1487 854 1554 vorbis
876 1489 1049 1554 contructis
1078 1497 1112 1554 ct
1139 1489 1258 1553 futuris
1288 1487 1356 1552 rid.
1419 1504 1420 1580 l

263 1587 296 1669 §-
309 1585 373 1670 26,
395 1587 428 1654 3.
451 1587 484 1655 5.
529 1587 774 1656 Timocreontis
794 1601 902 1656 temen
924 1589 1082 1656 dinlectus
1102 1588 1269 1678 entiquior
1289 1611 1357 1654 orn·
1419 1585 1420 1680 J

260 1710 338 1754 uem
359 1689 520 1757 vocnlium
542 1713 575 1758 eo
591 1703 625 1758 ct
639 1713 679 1756 so
702 1691 953 1760 contractionem
967 1703 1147 1775 aversatur,
1168 1713 1356 1781 quanquam
1419 1693 1420 1758 ζ

262 1789 425 1880 syuizeeis
445 1815 579 1877 umens,
602 1794 693 1860 etin
714 1791 1008 1882 Agrigentinorum
1030 1793 1179 1870 decreto,
1208 1791 1300 1882 quod
1320 1791 1355 1856 in

259 1891 370 1958 verbis
392 1917 430 1960 oo
448 1893 652 1986 frequentet,
676 1897 830 1971 Asoslr'oc
850 1906 901 1962 cst
913 1893 1100 1962 lllrodincnc
1121 1893 1355 1960 contractionis

259 2015 388 2084 cxpcrs.
432 1995 547 2088 ltuque
567 1995 692 2064 Rhodii
713 1997 863 2064 Ionicum
885 2021 919 2062 ευ
944 2009 1020 2086 post
1048 1996 1210 2064 colonium
1232 1993 1354 2060 Gelen-

261 2119 331 2162 sem
363 2107 461 2189 etque
494 2099 577 2166 sdeo
609 2111 686 2190 port
712 2099 976 2166 Timocrcoutem
1004 2098 1160 2189 probsrse
1187 2095 1352 2162 videntur.

260 2195 404 2264 Rhodiis
425 2223 604 2294 eorumque
625 2201 753 2268 colonie
775 2201 953 2292 peculiuris
984 2211 1035 2266 est
1054 2198 1298 2286 conjugationis
1318 2201 1353 2264 iu

259 2325 296 2382 μι
316 2299 498 2369 infinitivus
518 2302 556 2368 iu
576 2327 643 2385 μειν
666 2315 703 2370 ut
723 2301 827 2386 δόμειν
847 2327 908 2393 pro
930 2301 1041 2386 δόμεν,
1064 2301 1152 2390 qnod
1174 2301 1283 2367 omnis
1304 2324 1353 2366 rc·

259 2401 351 2492 lique
371 2401 474 2470 Doris
495 2405 593 2472 hebet
613 2405 682 2472 vid.
705 2405 738 2489 ἕ.
761 2406 823 2489 39,
846 2405 878 2470 5.
929 2403 984 2470 llli
1005 2402 1248 2492 coujugntiouis
1269 2401 1305 2466 in
1328 2428 1353 2466 ω
1420 2445 1421 2492 ;

260 2503 520 2579 terminationem
542 2531 586 2573 m
605 2531 665 2598 per
684 2507 801 2574 melem
824 2505 1006 2594 conlegium
1026 2505 1069 2570 ud
1089 2503 1353 2591 conjngntiouem

259 2604 295 2670 iu
316 2631 353 2688 ps
372 2607 580 2678 trsustulissc
601 2609 764 2676 videntur.
820 2607 918 2692 Quod
939 2607 1155 2698 Epicharmus
1174 2605 1352 2695 aliquoties

261 2705 456 2776 Gelensium
476 2711 512 2776 iu
534 2713 595 2778 luc
623 2735 659 2778 re
686 2735 784 2778 neum
812 2709 958 2776 imitatus
985 2731 1060 2775 usse
1090 2707 1238 2789 videtur,
1276 2707 1352 2774 vide

260 2831 358 2899 supro
379 2835 430 2878 nr.
453 2813 486 2879 2.
536 2809 651 2878 illinus
672 2812 848 2903 peculiaris
869 2823 919 2878 est
940 2811 1122 2878 infinitivus
1143 2809 1281 2898 perlecti
1300 2835 1352 2894 yo-

257 2909 374 2996 yo'mu,
412 2913 580 3004 quietio
604 2915 735 2982 Rhodio
754 2915 849 2981 titulo
871 2923 903 2978 et
925 2913 959 2978 iu
982 2909 1204 3002 Agrigcutino
1227 2911 1352 3000 legitur

257 3012 290 3096 §-
313 3015 373 3099 41,
396 3014 428 3080 5.
483 3014 604 3084 Goutre
634 3015 721 3108 opud
749 3016 831 3082 elios
852 3015 1066 3082 Doriensium
1093 3037 1160 3080 nou
1188 3013 1352 3104 reperitur

257 3115 407 3182 Ionicum
430 3120 545 3197 ξεῖνος,
569 3143 635 3210 quo
658 3117 781 3186 Rhodii
802 3129 836 3184 et
856 3117 966 3183 coloni
989 3117 1042 3182 usi
1063 3127 1142 3182 sunt
1161 3114 1229 3180 vid.
1248 3114 1349 3197 §.22

257 3215 376 3284 deinde
397 3219 532 3286 verbum
553 3225 648 3306 τιμεῖν
668 3245 728 3313 pro
749 3225 862 3304 τιμᾶν,
894 3223 1003 3301 τιμῆν,
1036 3218 1124 3308 quod
1146 3216 1289 3282 Rhodiis
1317 3227 1350 3282 ct

256 3319 489 3411 Agrigentinis
521 3347 693 3390 commuue
721 3334 790 3404 est,
830 3321 1010 3412 perlectum
1041 3322 1185 3404 εἴσχημαι
1217 3317 1259 3384 rh
1288 3317 1348 3403 ἔχω

255 3423 342 3512 opud
357 3425 500 3490 eosdem.
544 3425 657 3492 Tertio
679 3423 816 3514 pluralis
842 3423 1106 3512 imperativorum
1128 3420 1284 3508 objectivi
1299 3443 1348 3486 sc-

256 3525 398 3592 cundnm
420 3527 588 3617 vulgarem
608 3527 823 3593 Doricusinm
844 3523 998 3591 usumin
1019 3549 1079 3588 πω
1108 3521 1176 3588 exit
1206 3533 1243 3587 ut
1270 3529 1348 3604 λαμ-

254 3627 413 3710 βανόντω,
438 3627 677 3716 subjectivum,
698 3629 792 3694 tertie
813 3627 947 3718 quidem
968 3626 1099 3714 lingone
1116 3633 1241 3706 aetite,
1263 3653 1283 3688 v
1297 3649 1347 3690 ns·

255 3732 395 3820 sumpsit
417 3742 454 3796 ut
476 3729 664 3815 nosdooor'r,
687 3730 756 3797 vid.
778 3731 812 3812 ἓ.
832 3728 892 3806 ³6,
915 3731 955 3812 43
977 3727 1018 3794 de
1039 3727 1230 3794 colonorum
1253 3724 1347 3792 Sicu·

253 3831 361 3899 lorum
389 3855 453 3900 usu
481 3857 548 3898 nou
577 3841 714 3898 constet.
769 3831 898 3898 Vocom
926 3830 961 3894 iu
991 3853 1043 3904 ooo
1070 3827 1209 3915 genitivi
1231 3827 1266 3894 iu
1289 3852 1347 3903 suc

253 3932 413 3999 maturius
443 3957 462 4000 s
489 3933 631 4002 Rhodiis
663 3957 760 4024 quum
791 3933 832 4000 nb
865 3932 940 3998 aliis
967 3929 1188 3998 Doricusilrus
1218 3929 1347 4019 probuti

252 4055 327 4102 esse
347 4033 500 4100 ridentur
520 4035 588 4101 vid.
611 4035 643 4118 5.
666 4033 728 4121 3⁰,
749 4035 782 4104 ⁷.

268 4188 273 4199 .
335 4136 373 4214 lt)
417 4135 1209 4228 CrlymuiorumetAstypnlsceusiuuu
1229 4134 1345 4226 lingon

248 4261 272 4308 e
299 4235 427 4328 vulgari
454 4237 581 4305 Doride
608 4241 679 4307 solo
709 4263 741 4306 so
772 4239 807 4306 in
838 4263 871 4304 so
898 4237 1111 4306 coutrnleudi
1140 4261 1252 4322 more,
1285 4237 1342 4328 qui
