2920 4812
61 393 182 539 top*
248 427 321 503 roo
650 423 706 496 ue
731 419 929 497 vocatibus.

164 671 182 688 .-
245 628 321 715 ujus
343 623 554 692 temeritatem
574 625 760 703 aarunhit,
793 627 851 718 qai
873 603 1003 694 ornarat
1024 623 1119 693 istem
1140 621 1344 691 testinnoniu-

247 753 318 796 rum
338 725 582 794 multitudinem
604 751 623 795 e
644 728 770 794 sehoiio
791 729 832 794 ad
853 727 1066 796 Homericam
1087 729 1153 810 poio
1168 723 1210 791 ii.
1229 753 1263 806 η,
1278 723 1344 792 238

248 831 433 922 pertinente
454 830 590 898 fluxisse
618 829 791 919 opinetur,
822 829 911 922 quod
932 827 1054 896 Dorica
1082 826 1279 918 diphthongi
1306 848 1345 891 ou

247 933 283 999 ia
302 957 327 998 o
343 931 519 999 mututioao
537 931 730 1022 explicatum
748 943 809 998 est.
854 931 954 1016 Quod
974 935 1040 1014 βῶς
1060 930 1095 996 iu
1119 927 1260 996 hustuio
1283 927 1345 994 iiio

246 1034 372 1101 Dorico
395 1035 552 1126 scripturn
576 1045 649 1119 est,
671 1035 707 1100 iu
729 1045 819 1100 tanta
838 1033 914 1121 uj'us
934 1029 1134 1100 obscuritate
1154 1055 1267 1121 parum
1290 1053 1345 1096 va·

248 1139 312 1222 iet,
346 1149 511 1228 postremo
539 1135 718 1206 Theocrito
747 1157 842 1226 quana
872 1135 906 1201 in
935 1135 988 1202 his
1015 1134 1113 1204 rehus
1143 1156 1209 1198 nou
1238 1131 1347 1222 possit

247 1237 390 1320 eouiidi,
422 1237 457 1304 ia
483 1237 581 1304 tertio
608 1236 694 1304 iihro
722 1237 905 1304 aeeuretias
927 1235 1234 1306 demonstrabimus.
1278 1231 1348 1300 Ne·

248 1363 314 1431 qus
336 1351 443 1407 terren
473 1339 662 1424 silebimus,
698 1359 782 1428 quae
803 1337 925 1406 Dorica
946 1343 1013 1421 βῶς
1032 1351 1065 1404 et
1084 1343 1149 1424 χώς
1169 1337 1211 1404 ah
1232 1335 1348 1402 istius·

248 1442 338 1510 nodi
367 1439 627 1508 dubitationibus
652 1440 828 1507 defendero
856 1441 1040 1510 videantur.
1095 1439 1215 1506 Doridi
1241 1436 1348 1503 triho-

249 1555 350 1610 untur
367 1543 480 1630 ‚odom
500 1565 561 1634 pro
588 1541 705 1618 thideric
732 1540 814 1630 (vid.
838 1543 870 1626 §-
894 1543 956 1626 30,
979 1539 1014 1628 7)
1044 1551 1077 1608 et
1105 1545 1163 1616 ruit·
1190 1563 1249 1634 pro
1269 1543 1349 1615 ναῦς

103 1725 106 1732 ,
249 1645 331 1722 (vid.
363 1645 396 1730 ἕ.
420 1647 497 1726 31),
533 1665 720 1736 quanquam
748 1667 790 1710 ne
818 1647 897 1711 haee
925 1643 1058 1735 quiden
1088 1642 1347 1710 certissimorum

250 1745 390 1812 fontium
424 1745 614 1813 auotoritute
643 1747 852 1830 eoniiruuuta,
886 1746 1007 1838 quihus
1038 1745 1206 1812 simillima
1233 1756 1348 1811 esseut

249 1849 316 1930 μοῖς
342 1859 375 1914 et
402 1853 467 1935 χώς
495 1849 596 1916 ultore
624 1849 731 1916 vossii
751 1859 827 1939 post
848 1849 988 1936 ejectum
1008 1873 1028 1912 o
1048 1847 1218 1938 producta.
1262 1847 1347 1912 Bana

249 1961 356 2016 hanso
379 1949 535 2018 rationein
559 1973 667 2044 neque
687 1951 841 2018 omnihus
854 1949 1000 2017 Dorihus
1015 1973 1218 2016 eouauruasua
1240 1948 1348 2014 fnisse

317 2075 359 2120 ue
374 2052 536 2119 'seruriori
554 2052 673 2120 floridi
694 2051 935 2136 vindicandam,
957 2053 1028 2136 sed,
1050 2051 1080 2116 si
1093 2051 1225 2142 quideua
1241 2071 1348 2138 graaa-

250 2155 441 2220 mrtiooruua
463 2154 651 2222 testimonio
673 2153 799 2244 aliquid
821 2153 898 2219 iidei
912 2153 1122 2220 tribuendum
1141 2165 1210 2236 est,
1231 2149 1348 2241 pruris

251 2255 446 2344 quibusdan
469 2253 681 2324 Doriensiuna
702 2253 836 2348 populis
857 2255 1045 2345 proprium,
1079 2275 1270 2344 persuasum
1291 2256 1348 2320 ha·

238 2347 387 2442 hernd'a,
420 2377 527 2448 neque
548 2357 706 2423 audemus
726 2379 867 2446 ungero,
896 2353 968 2422 deri
989 2356 1155 2445 potuisse,
1185 2369 1222 2422 rt
1244 2357 1348 2424 Hera·
1377 2369 1381 2378 '
1455 2355 1456 2358 ’

251 2459 420 2542 cleonaes,
454 2461 511 2548 qui
534 2458 698 2526 severiore
720 2459 846 2526 Doride
868 2459 1061 2542 utuhautur,
1084 2481 1158 2524 rnna
1178 2458 1349 2548 plerisque

253 2559 389 2626 Graeuis
410 2564 489 2642 ῥοῦς
509 2573 542 2626 st
562 2565 640 2646 χοῦς
658 2561 929 2652 pronuntiarent,
958 2559 1096 2648 Argivi,
1125 2559 1183 2651 qni
1204 2559 1348 2643 mitiore,

250 2663 317 2744 pai,-
338 2673 372 2727 et
391 2665 467 2746 χῶς.
511 2661 603 2746 Quid
624 2687 725 2746 vero,
747 2663 837 2752 quod
857 2673 984 2750 praetor
1005 2661 1216 2728 Homericum
1237 2661 1349 2728 iocum

251 2767 316 2845 ρῶν
337 2761 434 2830 edant
457 2764 543 2853 apud
565 2765 767 2832 Herodotum
789 2765 843 2848 11,
865 2765 909 2831 40
926 2775 960 2830 et
976 2763 1045 2841 vt,
1067 2763 1110 2830 67
1130 2763 1165 2828 iu
1186 2763 1349 2829 iihrornua
1454 2811 1455 2839 2

250 2875 342 2956 purte
369 2863 508 2930 traditur
541 2877 574 2931 et
601 2865 656 2932 hio
686 2865 818 2955 quidem
848 2863 1011 2958 propriam
1046 2866 1111 2931 viru
1142 2875 1280 2946 teneus,
1300 2857 1351 2931 'et

250 2965 340 3056 qnod
357 2965 583 3055 Pherecydes,
607 2967 665 3056 qui
687 2967 799 3033 iouieu
821 2967 961 3032 disiecto
982 2989 1061 3032 usus
1083 2978 1145 3052 est,
1167 2965 1347 3033 seeundu-

251 3067 376 3136 tieret.
398 3093 433 3132 π.
456 3091 488 3150 p·
512 3076 540 3133 i.
563 3069 605 3151 6,
630 3069 671 3135 16
692 3069 760 3146 Ζὴς
786 3068 870 3134 dixit
898 3087 958 3158 pro
981 3067 1080 3145 Ζεύς,
1115 3093 1215 3158 quum
1245 3067 1350 3146 ihdric

251 3194 312 3262 pau
339 3167 455 3246 'luderis
475 3168 635 3236 Doricum
657 3191 731 3236 esse
752 3169 984 3260 perhibeatur't
1036 3170 1159 3254 Vides,
1189 3183 1348 3261 qusutuan

250 3271 286 3338 iu
309 3273 372 3338 hoe
399 3271 473 3338 iooo
501 3271 545 3336 sit
574 3271 808 3355 duhitatiouir,
842 3293 927 3362 quae
949 3271 1006 3337 aix
1026 3273 1100 3340 tolli
1123 3272 1245 3363 possit,
1279 3271 1347 3338 nisi

250 3372 398 3464 puriores
419 3372 556 3439 Doridis
578 3374 687 3440 sontes
707 3373 785 3439 novi
806 3361 1002 3464 aperiantur,

257 3495 263 3508 ·
333 3473 430 3553 nhic‘,
454 3473 514 3550 πός
535 3475 719 3565 (corrigunt
733 3473 834 3562 Ιποῦς)
857 3473 916 3539 siud
940 3477 1090 3558 Δωριέων
1110 3473 1255 3562 Hrsyoh.
1280 3497 1348 3539 non

250 3577 356 3666 magis
378 3573 580 3642 dubitatione
601 3587 708 3660 earet,
745 3601 845 3668 quarn
868 3577 903 3642 io
926 3577 1047 3642 tahuiia
1070 3573 1348 3642 Horaoieeusihus

249 3682 330 3752 ποῦς
350 3677 478 3767 iopatur
498 3677 552 3760 11,
575 3679 617 3747 34
638 3689 671 3744 ot
690 3681 820 3764 aphrode
839 3678 880 3744 B.
904 3679 935 3756 3,
958 3677 987 3742 l.
1005 3679 1067 3762 48,
1090 3677 1183 3760 11,2.
1220 3675 1347 3761 Quare,

248 3777 316 3844 nisi
339 3773 424 3862 forte
444 3779 536 3846 aliod
558 3779 638 3871 quid
661 3781 758 3860 latet,
781 3781 894 3846 neseio
916 3803 957 3846 ao
973 3791 1085 3845 eontra
1107 3777 1273 3844 iiterarnru
1295 3801 1349 3843 or·

249 3880 360 3947 dinem
392 3881 485 3955 πός,
518 3887 597 3958 ποῦς
627 3881 856 3970 corrigendum
888 3881 950 3962 sit,
983 3881 1024 3946 de
1053 3904 1116 3970 qur
1147 3881 1249 3946 ioruna
1277 3879 1345 3944 vid.

247 3981 281 4066 §-
303 3983 366 4066 21,
389 3983 421 4048 4.

334 4083 391 4169 il)
423 4083 463 4149 lu
485 4083 562 4150 riiis
584 4085 779 4174 quibusdam
801 4109 945 4150 oauuos
962 4083 1144 4150 Dorienses
1166 4105 1240 4148 cunr
1259 4081 1348 4147 Aeo·

248 4184 336 4250 iihus
364 4197 397 4252 ot
426 4185 563 4253 ionihus
597 4211 622 4248 u
651 4187 790 4268 habeut,
836 4209 896 4275 pro
927 4183 1039 4252 Attiou
1070 4195 1103 4250 et
1132 4181 1262 4271 vulgari
1294 4207 1345 4248 ou.

248 4285 393 4352 Priorum
426 4289 582 4380 porticula
613 4281 663 4351 oin
691 4312 752 4378 pro
781 4282 836 4352 odo
864 4299 896 4352 et
923 4285 1001 4352 inde
1021 4291 1083 4370 ruia
1105 4309 1164 4375 pro
1184 4287 1258 4368 γοῦν
1278 4307 1348 4350 aon
