2850 4808
244 317 323 398 186
693 314 892 414 Appendix.

244 523 364 596 deinde
392 523 573 616 scripturae
601 519 855 590 inconstantium
883 520 1010 591 diutius
1028 523 1195 593 resedisse
1213 540 1339 598 constet

240 630 332 714 (vide
351 628 471 695 uram.
493 623 636 692 Elemm.
659 623 779 714 Epigr.
802 647 837 715 p.
861 622 938 707 150)
959 637 993 693 et
1013 649 1115 720 quum
1133 628 1172 696 in
1194 629 1266 720 ipso
1285 630 1337 698 in·

242 733 316 800 dice
337 729 451 798 Attico
475 735 586 794 Hooeo
606 749 668 818 pro
692 727 825 793 Hortos
846 725 1007 819 scriptum
1027 729 1093 814 sit,
1124 743 1250 801 tortum
1269 734 1340 802 tere

242 847 313 920 est,
347 834 503 901 Atticum·
522 829 698 921 lapicidam
728 829 906 920 aliquoties
938 843 1052 898 contra
1078 831 1187 923 ipsius
1216 835 1340 904 dorreti

242 957 341 1007 asam
368 941 477 1024 Opro
500 957 538 999 oo
563 931 750 1023 scripsisse.
801 932 926 1004 essu·
946 933 1041 1002 nullo
1061 947 1157 1024 pacto
1180 937 1340 1006 credibile

241 1049 293 1106 est
312 1035 455 1105 eundem
474 1035 511 1102 iu
531 1033 575 1101 iis
594 1033 751 1114 vocibus,
775 1057 859 1126 qaae
880 1035 917 1100 iu
938 1034 1164 1106 lheeaemum
1186 1039 1339 1108 aliorum·

98 1141 102 1156 ⁵
241 1163 309 1234 (l'e
335 1137 550 1208 Doriensima
579 1135 729 1204 dialectis
764 1137 914 1203 ultimam
947 1138 1158 1230 coffll'lfflit
1203 1142 1339 1233 ‘th‘

241 1243 311 1314 cies
340 1251 373 1308 Ε
400 1253 434 1308 st
467 1247 495 1306 Ο
524 1263 586 1332 pro
619 1247 674 1304 ΕΙ
699 1249 732 1303 ot
765 1245 831 1303 OT
854 1261 1028 1324 exarans,
1075 1239 1128 1307 his
1158 1240 1198 1308 in
1216 1244 1339 1311 eodem

242 1365 342 1414 amru
365 1343 604 1436 diphthongum
625 1339 829 1431 reliquisse,
861 1341 922 1407 sed
948 1341 1009 1408 illa
1038 1343 1191 1434 propriae
1219 1345 1339 1413 decreti

244 1445 397 1529 dialecti,
432 1444 602 1536 geminum
622 1441 697 1519 rode
724 1443 817 1510 112
842 1441 1004 1534 lapicidae
1024 1445 1132 1513 Attici
1153 1469 1228 1514 ease
1247 1449 1338 1514 lucu·

232 1547 463 1618 'lentissimum
483 1555 547 1613 est.
907 1591 912 1602 ·
1307 1603 1319 1619 .

327 1649 432 1718 Recte
454 1647 561 1738 eidem
582 1641 772 1714 Boeuihius
794 1647 957 1738 reliquam
986 1647 1121 1716 dialecti
1145 1663 1181 1716 et
1201 1651 1338 1742 scriptu·

243 1769 301 1822 rte
321 1749 576 1820 inconstantiam
595 1745 795 1832 vindicavit,
828 1771 912 1841 quaa
932 1749 1074 1818 maxime
1093 1750 1130 1817 iu
1151 1773 1234 1820 voca
1255 1751 1337 1838 lepis

245 1853 385 1945 ejusque
404 1851 563 1921 derivatis
583 1847 729 1942 insignis
748 1863 810 1920 est.
862 1851 947 1919 Num
967 1873 1009 1919 ex
1030 1853 1183 1944 antiquae
1203 1853 1338 1922 Doridis

246 1959 392 2049 genuina
413 1954 651 2024 consuetudine
672 1979 694 2020 u
713 1975 775 2046 pro
797 1977 812 2019 e
832 1953 868 2022 iu
889 1956 944 2022 his
964 1963 1038 2022 este
1072 1951 1098 2021 l.
1120 1955 1165 2023 16
1184 1955 1335 2041 lapdon,

242 2059 435 2129 201018
455 2061 568 2144 lupuli,
589 2055 645 2128 25·
668 2056 723 2126 20.
746 2053 800 2124 dd·
823 2055 877 2124 07.
900 2057 956 2126 10.
981 2057 1037 2124 12.
1061 2057 1104 2124 13
1124 2057 1334 2142 ἶαρομνᾶμυν,

194 2223 202 2239 ,
242 2163 395 2248 301αρᾷ.
442 2159 566 2228 Contra
586 2159 724 2250 vulgare
745 2179 760 2226 ε
782 2155 820 2224 iu
845 2157 900 2226 his
921 2159 1147 2250 conspicitur=
1171 2157 1266 2229 1.10.
1286 2161 1336 2227 13.

243 2263 360 2332 1017.
373 2259 702 2346 wicrammum,
727 2260 900 2348 liupalde,
926 2257 967 2329 21
982 2261 1087 2347 ltpd'c,
1112 2261 1335 2348 idlspopprlu.

241 2361 354 2450 Quum
393 2363 498 2454 igitur
536 2363 624 2431 inter
657 2363 802 2431 Doricae
833 2364 1014 2453 scripturae
1044 2363 1158 2431 docear
1190 2361 1337 2456 exempla

241 2477 317 2534 aute
346 2487 479 2534 versum
504 2465 698 2534 vicesimum
724 2487 792 2532 nou
819 2465 951 2556 legatur
976 2464 1045 2531 uisi
1074 2485 1196 2545 unum,
1227 2477 1338 2533 eontra

169 2618 173 2626 .
241 2568 391 2660 quinque
417 2591 459 2635 ex
479 2567 613 2636 Atticae
635 2567 955 2659 scripturus-ovem
975 2567 1155 2660 exemplis,
1193 2567 1334 2659 lapicida

243 2670 476 2761 progrediente
504 2693 603 2762 opere
632 2670 787 2739 insolitse
807 2671 931 2737 formae
950 2669 1059 2758 magis
1080 2669 1272 2738 adsuevisse
1291 2671 1338 2736 ri·

241 2773 348 2840 detur.
394 2772 528 2840 Deinde
548 2771 726 2862 quinquies
748 2772 815 2838 iota
833 2771 990 2862 scriptum
1005 2783 1056 2838 est
1068 2771 1104 2838 in
1117 2770 1338 2856 ’Appmso'sre

242 2875 267 2941 1.
283 2875 316 2941 6.
336 2875 389 2941 10.
404 2873 457 2942 36.
475 2876 529 2941 11.
549 2876 592 2946 tt
627 2898 726 2965 quem
746 2873 894 2964 ipsorum
915 2873 1196 2965 Amphictyonum
1218 2895 1339 2941 morem

237 2974 349 3060 Juisse
369 2975 558 3044 Boeclrhius
579 2975 834 3062 demonstrauitq
856 2977 957 3046 semel
977 2977 1003 3042 1.
1024 2977 1069 3046 20
1089 2975 1276 3044 Boeohhius
1297 2977 1337 3045 oh

243 3077 373 3145 Cluraci
395 3089 428 3146 et
447 3077 585 3146 hliilleri
606 3079 866 3170 apographorum
894 3101 1091 3146 consensum
1112 3079 1337 3164 'qusaaoo'sre

241 3179 364 3266 edidit,
385 3179 560 3270 lapicidam
580 3178 618 3244 in
632 3180 780 3247 Atticum
804 3203 929 3248 morem
949 3179 1118 3271 delapsum
1140 3203 1217 3248 esse
1237 3193 1333 3248 ratae

240 3283 329 3350 Tum
347 3279 509 3348 dubitatio
527 3291 577 3349 est
593 3281 636 3348 de
651 3281 895 3374 praepositione
911 3279 991 3346 sosoi
1010 3303 1085 3348 eum
1107 3282 1247 3350 articulo
1261 3283 1335 3370 juu-

241 3395 304 3453 cts.
334 3383 522 3451 Secundum
540 3383 710 3474 vulgarem
728 3383 923 3474 antiquioris
933 3382 1072 3452 Doridis
1085 3407 1211 3452 morem
1228 3383 1334 3449 aurudo

192 3493 201 3508 ‘
242 3487 402 3578 seriptum
435 3496 486 3555 est
515 3485 540 3552 l.
563 3487 626 3572 tt,
660 3485 779 3553 deinde
812 3509 908 3552 acccc
936 3485 1076 3552 traditur
1103 3487 1129 3554 l.
1153 3485 1216 3570 17,
1251 3485 1334 3576 quod

243 3589 432 3656 Boechhius
463 3587 639 3678 lapicidam
666 3588 799 3655 articuli
827 3587 966 3654 ohlitum
994 3608 1054 3678 pro
1074 3587 1335 3654 accelerarem

242 3701 364 3782 putat3-
389 3687 670 3756 tnm'Iloeclrhius
692 3687 815 3771 s[o]sdv
835 3688 940 3755 edidit
960 3687 985 3757 l.
1009 3689 1050 3758 11
1071 3689 1140 3768 in„
1171 3690 1230 3756 nhi
1252 3689 1335 3756 MD·

244 3791 308 3859 leri
342 3793 565 3882 apographum
587 3799 637 3858 K.
652 3799 766 3871 TAN,
801 3791 930 3858 Claraci
950 3801 1042 3858 K...
1061 3799 1173 3873 TAN,
1201 3789 1336 3858 lio'hleri

248 3879 377 3972 0.Ai,
400 3917 502 3986 quare
523 3915 584 3962 nos
605 3890 750 3976 s[ce]ecls
771 3893 917 3962 scrihere
930 3889 1127 3975 maluimus,
1151 3913 1335 3984 quanquam

244 3995 341 4062 surds
363 4017 431 4062 uon
456 4017 593 4086 prorsus
615 3993 834 4062 &ornandam
862 4005 912 4062 cst
941 3993 1066 4079 vid-§0
1091 3995 1207 4078 13,1.
1272 3995 1334 4060 Po·

243 4107 365 4164 stremc
392 4095 580 4164 Doeclrhius
607 4096 700 4163 tto
735 4095 809 4162 κατ’
839 4098 861 4162 ἅ
889 4095 1053 4186 scripsit,
1095 4117 1181 4188 qaue
1205 4095 1291 4164 ratio
1316 4118 1334 4161 a

243 4198 371 4266 Doride
392 4221 459 4266 non
480 4192 589 4266 aliena
609 4207 662 4268 est
681 4199 750 4268 vid.
773 4199 807 4282 ἓ.
831 4201 871 4284 1,
893 4200 934 4285 1,
965 4216 1027 4267 noa
1046 4207 1157 4267 tamen
1178 4198 1258 4266 saed
1275 4219 1333 4290 pro
