2890 4816
224 343 332 436 §.32
375 347 432 418 De
450 345 718 444 conjugationis
736 343 877 419 ratione
899 345 1101 420 communi.
1141 347 1219 424 295

115 546 237 630 detur,
260 569 362 636 quum
383 545 418 611 in
442 546 594 612 omnibus
617 549 686 615 iilis
709 548 816 615 titulis
837 551 964 616 nulium
982 559 1146 642 praeterea
1163 577 1219 618 an·

116 647 233 738 tiqoae
269 647 364 714 illins
393 649 645 740 orthographiae
678 650 858 740 vestigium
893 652 1052 718 resederit
1083 663 1220 742 excepto

114 749 401 840 Amphictyonum
421 751 552 816 decreto
582 775 633 818 nr.
658 750 761 836 1688,
796 753 836 818 de
865 777 932 844 qno
960 754 994 818 in
1024 755 1218 844 Appendice

116 850 377 940 disputabimus.
424 851 569 918 Facilius
593 855 627 918 in
650 853 756 919 titulis
777 855 889 920 Attica
909 855 1049 920 diaiccto
1071 855 1219 946 scriptis,

12 995 17 1002 ·
115 953 179 1018 ubi
202 952 343 1019 subinde
362 954 474 1019 cadem
495 955 781 1040 conjunctivornm
803 955 886 1022 ratio
909 968 1074 1046 spectatur
1089 969 1124 1022 ut
1142 956 1216 1037 ἆρό-

113 1079 169 1118 ore
190 1079 242 1120 nr.
263 1055 344 1139 103,
366 1056 449 1132 δόξει
471 1079 521 1122 nr.
538 1057 633 1124 2353.
652 1041 749 1142 2360,
771 1057 1010 1124 Roccbbianam
1029 1057 1215 1146 opinionem

112 1155 332 1246 probaveris,
361 1159 437 1248 quia
459 1159 548 1224 tituli
569 1157 673 1224 Attici
694 1160 808 1226 multis
830 1160 925 1224 annia
948 1171 1023 1247 post
1043 1159 1215 1226 Euclidem

111 1257 307 1322 anebontem
318 1259 441 1324 exarati
455 1261 539 1326 baud
554 1283 627 1325 ram
643 1284 670 1324 n
684 1285 743 1349 pro
758 1290 777 1348 ῃ
795 1264 892 1328 etiam
906 1262 943 1326 in
958 1259 1032 1326 aliis
1047 1259 1215 1343 exhibent,
1249 1263 1251 1268 ’

42 1419 46 1426 .
109 1361 211 1425 utari
222 1362 397 1452 flouiripao
412 1367 450 1450 τῇ
461 1365 569 1449 βουλῇ,
593 1361 661 1426 vid.
676 1361 795 1428 Franz.
810 1363 951 1428 Eiemm.
963 1361 1082 1452 Epigr.
1094 1387 1127 1452 p.
1140 1362 1212 1430 150.

109 1461 185 1528 Sed
207 1461 306 1538 ctiam
321 1464 400 1528 baec
425 1463 534 1552 potius
556 1461 695 1528 dialecto
717 1473 750 1527 ct
771 1463 1028 1552 pronuntiationi
1042 1464 1215 1530 tribuenda

107 1587 192 1630 cese
208 1587 306 1654 quam
322 1565 474 1654 antiquae
497 1565 746 1654 orthographiae
769 1565 898 1630 cuidam
912 1563 1129 1630 recordationi
1142 1589 1214 1654 pcr-

106 1689 250 1731 suasum
265 1665 433 1732 babemus.
479 1665 626 1732 Primum
641 1667 729 1732 enim
748 1691 807 1734 cor
822 1691 849 1731 aa
867 1689 927 1756 pro
946 1694 963 1754 p
984 1665 1127 1732 scribere
1142 1691 1213 1755 pcr-

107 1777 245 1857 gcrcnt,
268 1789 367 1855 quum
387 1793 401 1832 ε
419 1793 479 1858 pro
501 1797 521 1844 η
542 1770 594 1834 vol
611 1793 638 1832 aa
657 1767 783 1857 pridem
802 1768 1034 1844 obsolevisset,
1057 1768 1125 1834 nisi
1143 1769 1212 1858 ipsa

106 1867 341 1958 pronuntiatio
359 1868 448 1934 illam
463 1870 655 1958 scriptoram
666 1870 857 1956 adjuvaret?
890 1869 1021 1935 Deinde
1036 1868 1167 1934 Atticos
1179 1869 1213 1936 io

107 1969 233 2036 multis
256 1993 283 2034 n
303 1957 364 2060 pro
385 1972 571 2062 antiquiore
592 1999 610 2056 ῃ
628 1995 694 2036 non
709 1971 814 2036 solnm
832 1969 1018 2058 scripsisse,
1042 1969 1213 2036 sedetiam

106 2072 350 2163 pronuntiasse
377 2083 502 2138 certum
531 2085 601 2151 est,
646 2085 682 2138 nt
710 2075 790 2146 κλείς
816 2083 849 2136 ct
880 2072 970 2134 utatur
993 2094 1052 2158 pro
1073 2076 1160 2150 κληῒς
1180 2084 1214 2138 ct

107 2177 229 2252 κληΐω,
256 2173 339 2261 aigina
362 2211 404 2226 -·
425 2177 505 2240 trior
520 2197 581 2264 pro
596 2174 684 2253 λήϊον
705 2215 746 2228 -
767 2173 882 2249 τύπτει,
905 2171 1011 2254 βούλει
1028 2196 1089 2262 pro
1103 2172 1211 2262 τύπτῃ,

105 2275 235 2362 βούλῃ,
258 2275 327 2340 vid.
343 2273 468 2342 Bnttm.
492 2276 636 2344 Granum.
661 2277 676 2342 l
700 2279 732 2360 ξ.
745 2275 788 2344 87
809 2275 913 2342 noth
934 2313 978 2329 -
997 2273 1211 2362 Ἐρεχθεῐδος,

106 2377 264 2464 Ae'yaidoc
283 2399 344 2464 pro
365 2376 592 2463 Ἐρεχθηΐδος,
622 2379 776 2462 Αἰγηΐδος
796 2377 848 2442 vel
870 2375 1086 2464 Ἐρεχθῇδος,
1110 2380 1212 2464 Αἰγῇ-

106 2483 168 2555 doc
192 2477 260 2544 vid.
284 2477 367 2544 ibid.
390 2479 424 2544 11
445 2479 478 2562 ξ.
503 2481 565 2547 119
598 2491 667 2546 not.
689 2478 742 2546 ³0.
797 2479 912 2569 ltaque
933 2477 1120 2556 nescimus,
1153 2501 1212 2544 eur

106 2579 250 2648 Atticos
269 2579 317 2642 rai
335 2583 441 2662 βουλά
458 2607 518 2670 pro
539 2585 578 2669 τῆ
598 2586 697 2670 βουλῇ
720 2591 754 2646 ct
774 2581 852 2660 λέγει
873 2579 927 2644 vel
947 2579 1042 2646 θάνει
1060 2601 1119 2669 pro
1142 2582 1210 2670 λέγῃ

104 2694 142 2750 ct
164 2681 255 2770 θάνῃ
278 2683 511 2774 pronuntiasse
532 2683 664 2750 credere
686 2681 870 2763 noluerint,
898 2681 1088 2770 pracsertim
1110 2705 1210 2772 quum

105 2785 151 2852 de
175 2783 293 2849 Attico
323 2785 370 2848 δεῖ
398 2807 458 2874 pao
492 2786 543 2874 δὲῃ
566 2787 618 2852 vel
642 2787 681 2874 δῇ
702 2783 846 2850 notabile
867 2781 1090 2848 testimoninm
1111 2783 1210 2867 extet,

105 2887 182 2954 vid.
207 2885 332 2951 Bnttm.
358 2887 390 2950 11
413 2911 445 2976 p.
470 2887 544 2953 151.
588 2885 767 2954 Recentior
787 2907 888 2966 usus,
926 2907 1023 2974 quem
1044 2885 1123 2950 libai
1145 2909 1210 2950 ma·

106 2987 281 3076 nuscripti
303 2987 480 3070 exhibent,
511 2987 644 3054 adeam
666 2985 824 3053 rationem
852 2984 999 3070 reflexit,
1034 3009 1117 3076 qnae
1138 2987 1210 3053 issa·

105 3113 186 3159 rum
210 3091 388 3155 formarum
410 3089 533 3178 origini
555 3090 694 3156 maxime
716 3087 891 3154 convenire
913 3085 1096 3152 videbatur.

201 3189 376 3282 Quidquid
408 3191 448 3256 dc
475 3191 660 3262 Atticorum
697 3215 759 3258 usu
790 3188 971 3254 accuratior
1002 3187 1211 3278 investigatio

106 3291 287 3374 docuerit,
320 3295 381 3358 boc
402 3316 461 3381 pro
485 3305 574 3360 certo
594 3293 801 3369 tenebimus,
830 3289 1045 3356 Doriensium
1067 3315 1210 3379 pronun·

107 3397 288 3463 tiationcm
316 3407 440 3460 mature
472 3408 536 3460 tam
565 3395 750 3483 ambiguam
771 3392 876 3458 fuisse
898 3391 934 3456 in
955 3391 1049 3456 tertia
1071 3392 1211 3478 conjun-

106 3497 196 3566 ctivi
227 3517 387 3586 pcrsoua,
424 3509 460 3562 nt
486 3497 610 3585 tripiici
632 3497 691 3562 itlu
712 3495 809 3560 modo
830 3491 969 3582 exprimi
990 3503 1115 3582 posset.
1168 3495 1211 3560 Et

107 3599 286 3692 pier-isque
307 3597 441 3688 quidem
462 3598 676 3664 Doriensium
698 3595 883 3662 terminatio
909 3623 927 3672 η
951 3595 1023 3660 sine
1045 3594 1111 3659 iota
1133 3594 1209 3660 sub-

107 3701 243 3790 snripto
263 3721 367 3786 acque
389 3723 426 3764 ac
447 3699 581 3766 Lesbiis
602 3696 686 3783 (rid.
712 3703 743 3782 §.
766 3698 829 3778 24,
850 3695 885 3782 c)
917 3697 1056 3761 maxime
1078 3695 1209 3785 probata

106 3824 189 3872 csse
211 3797 365 3886 videtur,
402 3825 511 3894 neque
532 3800 658 3866 minore
676 3800 754 3886 jure
775 3822 816 3864 ex
838 3797 973 3886 antiqno
993 3799 1098 3879 ta'yqna
1119 3797 1209 3862 nasci

107 3911 244 3996 peterat
265 3903 349 3985 tim,
371 3923 469 3992 quam
492 3925 511 3968 e
534 3905 614 3984 W!
624 3904 885 3966 Anacreonteum
903 3897 947 3981 φή
962 3901 1002 3964 ir.
1018 3899 1060 3965 38
1071 3899 1208 3986 Bergk,

108 4003 207 4098 qnod
230 4002 294 4068 iota
316 4005 463 4074 caruisse
486 4002 658 4094 Apollonii
690 4001 874 4066 testimonia
903 4001 943 4066 de
973 4011 1060 4088 synt.
1090 4023 1123 4088 p.
1147 3999 1210 4066 238

107 4120 142 4176 ct
165 4107 211 4172 de
233 4103 310 4171 adv.
333 4129 366 4193 p.
389 4107 472 4188 543,
495 4105 516 4170 7
537 4104 746 4195 patefaciunt.
781 4143 821 4152 -
867 4101 1090 4191 Scriptoribns
1110 4098 1209 4164 Dori·

108 4210 159 4276 cis
191 4205 360 4298 vulgarem
391 4206 651 4274 terminationem
680 4205 866 4292 relinquere
888 4225 954 4269 nou
975 4200 1208 4284 dubitavimus,
