2890 4816
326 415 359 510 §.
386 417 447 495 37.
500 418 557 492 De
581 416 836 520 conjugatione
864 417 903 494 in
929 451 965 493 ο.
1116 421 1193 501 305

88 618 229 686 λίνοιο
250 616 409 684 coristi
431 615 613 684 secundi
634 617 732 684 activi
753 617 789 684 iu
813 643 847 685 ον
868 621 995 700 exisse,
1030 633 1066 688 ut
1086 627 1189 709 θίγον,

88 719 212 803 λάβον,
246 719 363 784 destos.
417 719 516 786 Nunc
544 718 637 786 nulla
665 721 813 810 exempla
841 734 1038 812 supersunt,
1069 725 1191 814 quibus

89 843 210 888 eorum
237 832 455 912 praeceptum·
475 821 530 888 ve‘l
561 821 770 889 confirmetur
801 824 853 891 vel
879 823 1052 892 refutetur.
1106 827 1191 896 Nam

89 921 183 989 alnov
206 947 267 1012 pro
287 924 355 988 εἰπέ
372 923 513 990 Theoer.
530 921 628 1007 xlv,
651 925 690 990 11
714 947 756 992 ne
776 924 818 990 ab
832 925 945 994 Attica
966 928 1098 1019 quidem
1114 953 1191 998 con·
1277 929 1282 938 '

89 1024 273 1092 suetudine
303 1025 445 1092 alionum
477 1037 538 1092 est.
593 1025 838 1094 Alexandrinos
870 1039 903 1094 ct
933 1030 1191 1100 recentissimam

87 1125 315 1194 Graecitatem
337 1125 469 1192 noristis
490 1127 646 1192 secundis
668 1151 765 1217 saepe
784 1129 884 1218 primi
905 1131 1018 1197 aoristi
1038 1134 1191 1202 termina·

85 1230 204 1298 tiones
226 1227 358 1296 dedisse
379 1237 517 1312 constat,
541 1230 714 1317 praecipue
729 1229 764 1294 in
783 1230 973 1316 indicativo,
995 1233 1063 1300 vid.
1079 1233 1190 1303 Sturz.

87 1331 130 1398 de
156 1331 238 1398 dial.
262 1331 361 1398 Alex.
384 1355 418 1419 p.
441 1329 501 1408 60,
524 1329 647 1398 Ruttm.
672 1331 816 1398 Gramm.
840 1334 856 1397 1
879 1329 968 1416 §.96
990 1337 1103 1404 not-9.
1139 1338 1190 1404 Eo

84 1433 315 1502 Buttmanuus
349 1432 495 1498 Granum.
525 1433 560 1497 11
590 1458 623 1523 p.
650 1433 710 1500 136
739 1433 851 1500 retulit
879 1435 1064 1522 γενὰμενος,
1101 1440 1191 1530 quod

86 1536 237 1602 subinde
267 1560 327 1626 pro
358 1533 517 1618 γενόμενος
547 1533 636 1625 apud
667 1533 896 1604 Archimedem
929 1538 1052 1628 legitur
1084 1551 1119 1606 ut
1149 1542 1190 1608 de
1234 1567 1235 1572 ¹

85 1638 194 1704 Plan.
220 1637 307 1728 Aeq.
330 1663 363 1728 p.
387 1637 448 1721 17,
484 1637 524 1704 de
551 1635 691 1703 Couoid.
720 1661 755 1726 p.
777 1637 853 1704 259.
876 1637 959 1724 260,
993 1637 1190 1730 obloquente

85 1753 205 1806 tamen
222 1739 410 1822 imbecillo,
433 1739 491 1830 qui
513 1738 723 1806 librariorum
740 1763 883 1808 errorem
895 1739 1064 1832 agnoscit.¹
1093 1743 1191 1812 Certe

83 1867 162 1910 eam
194 1841 330 1906 formam
359 1842 400 1907 ab
428 1841 562 1932 antiqua
584 1839 862 1930 Syracusanorum
892 1841 1029 1910 dialecto
1051 1843 1190 1912 alienam

83 1957 259 2034 putamus.
316 1941 448 2010 Certius
476 1953 528 2010 est
557 1941 672 2025 ἀφέλοι
698 1943 733 2008 in
756 1943 845 2010 Cret.
867 1943 970 2026 2557,
1007 1943 1071 2009 uisi
1102 1929 1190 2014 recte

6 2049 16 2072 ¹
82 2045 282 2114 Boeckbius
305 2043 415 2128 ἀφελὲν
437 2045 600 2130 restitnit,
627 2045 721 2110 utin
744 2069 794 2112 ur.
817 2045 901 2112 2555
924 2057 975 2112 est
997 2045 1102 2122 ἰξελίε.

177 2169 217 2256 6)
263 2152 737 2260 8ουιιπᾱοόἰπςιι1οεὶε
767 2171 1015 2260 praesentis
1047 2172 1189 2260 subje-

82 2275 202 2345 ctivi
232 2295 399 2364 nunquam
430 2297 498 2340 uon
526 2283 691 2340 contracta
719 2271 900 2363 reperitur,
933 2285 969 2340 ut
998 2271 1118 2364 Sophr.
1147 2277 1189 2344 23
1284 2343 1290 2353 „

84 2382 161 2470 οἵῃ,
193 2377 236 2445 91
259 2376 409 2464 καταδύῃ.
455 2371 656 2464 conspirant
675 2375 773 2444 etiam
795 2376 905 2440 lutura
928 2370 1091 2464 duplicem
1113 2399 1190 2442 cou-

82 2479 286 2549 tractionem
307 2499 423 2568 passae
458 2477 577 2568 Epicb.
598 2479 640 2545 18
660 2481 748 2565 λαψῇ
767 2473 803 2562 (e
820 2471 986 2564 λοψεέαι),
1011 2475 1130 2565 Sopbr.
1146 2479 1189 2544 93

84 2585 261 2670 σκανασῇ,
294 2583 356 2648 192
379 2583 492 2668 δεησῇ,
527 2579 683 2668 Aegincl.
706 2578 843 2662 2140‚b
866 2581 1004 2656 αἰτοαοῆ.
1060 2577 1105 2642 Et
1134 2579 1189 2644 bic

81 2679 230 2777 quidem
252 2684 317 2749 iota
340 2683 561 2772 subscriptum
584 2681 693 2760 deest,
718 2665 806 2770 quod
829 2679 999 2768 adjicieuti
1023 2679 1189 2748 Boeclslrio

64 2787 258 2858 'caleulum
279 2785 397 2852 addere
419 2807 486 2850 nou
507 2784 674 2849 audemus.
711 2778 798 2846 Vide
812 2783 912 2860 cuim,
936 2793 1091 2874 quantum
1113 2807 1189 2850 aua·

80 2892 204 2981 legiae
229 2887 272 2954 stt
291 2887 378 2952 inter
398 2886 561 2976 triplicem
584 2883 785 2971 conjunctivi
808 2883 944 2949 formam
958 2882 1065 2972 θάνῃ,
1088 2884 1186 2966 stolon,

79 2993 187 3060 θάνοι
208 2989 241 3074 ᾗ.
266 2990 328 3072 36,
352 2991 372 3061 3
401 3000 435 3054 et
464 2988 625 3055 secundae
654 2983 811 3071 objectivi
840 2985 955 3074 τύπτῃ,
986 2985 1080 3062 adm»,
1114 3009 1187 3052 curn

80 3095 207 3162 Attico
238 3091 354 3156 τύπτει.
398 3089 572 3156 Praeteriti
601 3089 743 3159 secunda
776 3111 915 3178 persona
936 3111 1002 3154 nou
1024 3097 1189 3154 contracta

81 3197 170 3282 ᾤχεο
193 3193 314 3282 legitur
328 3191 447 3282 Epicb.
465 3191 519 3259 λθ.
566 3190 725 3280 Suspecta
743 3200 821 3254 sunt
839 3187 986 3274 ejusdem
1008 3189 1188 3276 fragmenta

83 3297 155 3364 143
181 3306 215 3360 ct
237 3295 320 3378 149,
354 3295 412 3362 ubi
439 3291 623 3384 imperativi
651 3291 786 3378 πορεύου
807 3303 840 3356 et
862 3291 990 3354 διανοοῦ
1018 3291 1185 3376 leguntur.

177 3422 214 3493 7)
256 3420 330 3488 Jatn
359 3421 439 3486 licet
466 3423 528 3488 boo
549 3419 691 3487 Doricae
720 3415 965 3506 conjugationis
994 3417 1029 3482 iu
1051 3444 1075 3481 ω
1096 3441 1187 3508 para·

82 3526 206 3614 digma
228 3545 432 3613 proponeres

222 3679 504 3804 Objeotidnm.
762 3703 1070 3797 flnbjectivum.

528 3839 750 3906 Praesens·
808 3839 817 3845 “

81 3945 377 4019 indicativus.

82 4075 189 4164 sing.
205 4077 236 4142 1.
259 4077 352 4139 λείπω
722 4066 865 4150 λειπόμαε

200 4177 233 4244 2.
257 4178 388 4256 λείπεις,
413 4179 512 4254 λείπες
719 4170 877 4256 (lemine),
901 4169 990 4253 λεπτῇ

198 4279 229 4346 3.
254 4279 350 4343 λείπει
720 4271 854 4338 λεεπίταε

133 4403 182 4470 ιι.
523 4379 572 4420 ‘·
940 4395 984 4462 eo
1107 4485 1113 4498 ι
