2844 4806
377 385 436 460 Ad
461 381 623 460 Librum
647 383 869 462 Secundum.
1093 368 1170 458 555

77 590 112 656 iu
133 588 230 656 tituto
251 586 323 654 Coo
344 587 443 656 Rosa.
467 587 513 654 ll.
537 609 588 654 nr.
610 585 695 672 1753
729 585 918 670 Ἀρτομὴιος
939 585 974 652 ἰο
996 583 1169 654 Calaurea-

75 691 142 758 tico
164 689 250 781 Exp.
273 690 360 758 Mor.

163 793 257 881 Pag.
282 793 326 860 70
354 794 379 861 l.
404 793 436 860 7.
480 791 565 880 Leg.
588 791 620 877 ξ.
644 793 704 878 39,
728 793 759 862 5.

119 897 126 926 ’
161 911 256 1003 Pag.
278 911 333 978 73.
377 911 444 978 Pro
473 911 631 999 pe'uup,
666 911 762 994 μέσος
782 913 956 1002 Hesycb„
990 909 1049 976 ubi
1071 910 1169 994 pr'oop

76 1013 180 1082 scribi
206 1015 402 1102 jusserunt,
445 1011 613 1080 literarum
641 1013 756 1080 ordine
785 1015 885 1082 simut
913 1013 1066 1081 restituto
1094 1013 1170 1103 loge

75 1117 312 1205 pr'ooupoc,
340 1115 457 1199 μέσος,
495 1139 637 1206 quocum
666 1117 818 1183 conferas
849 1118 994 1208 glossam
1023 1114 1171 1206 proxime

74 1219 323 1286 antecedentem
345 1219 488 1302 με’σωρον
510 1220 591 1309 (leg.
615 1215 818 1304 piscopos),
853 1219 959 1301 μέσον.
1014 1215 1170 1283 Ceterum

75 1345 115 1388 ea
136 1343 200 1388 vox
220 1345 287 1388 uon
309 1331 381 1404 est,
405 1320 493 1410 qnod
515 1321 760 1401 existimarunt,
784 1345 803 1386 e
823 1322 918 1404 μέσος
938 1331 972 1386 et
990 1319 1060 1406 σἸρα
1081 1341 1171 1407 conr-

75 1423 204 1515 poaita,
239 1423 336 1490 sede
358 1425 453 1507 μέσος
475 1433 507 1489 et
527 1423 602 1510 ὄρος
622 1447 683 1516 pro
705 1425 859 1518 pe'oopoc.⁴

160 1543 212 1609 Pa
220 1566 254 1631 g.
277 1541 320 1609 73
350 1566 407 1608 nr.
431 1543 463 1610 3.
517 1541 617 1608 Plura
649 1543 749 1630 bujns
781 1543 914 1629 generis
947 1537 1036 1632 apud
1064 1539 1170 1632 Hesy-

75 1645 185 1711 cbinm
206 1645 330 1727 latent,
360 1653 397 1708 ut

160 1749 283 1830 μίρμσ
313 1747 363 1808 ἐπὶ
390 1745 446 1809 τοῦ
467 1746 660 1818 νακοπινοῦς
688 1745 743 1808 aci
765 1748 911 1831 ῥυπαροῦ
939 1748 993 1808 καὶ
1014 1749 1169 1828 πονηροῦ.

75 1848 151 1915 Vox
178 1857 236 1913 aut
263 1871 282 1914 e
310 1847 431 1929 μίαρμα
455 1847 479 1912 ἱ.
505 1867 535 1912 e.
559 1845 679 1928 μίασμα
700 1857 852 1936 corrupta
879 1855 935 1910 ant
961 1844 1034 1911 sine
1057 1868 1172 1912 corru-

74 1950 162 2040 ptela
190 1971 250 2038 per
272 1951 525 2014 contractionem
548 1945 711 2038 quandam
740 1971 800 2038 pro
828 1950 949 2030 μΙοσμο
977 1947 1084 2038 posita
1106 1957 1169 2014 est.

76 2051 258 2142 Cognatam
280 2051 424 2139 glossam
444 2053 682 2134 ptprovtos,
713 2051 805 2132 μῖσος
833 2050 1019 2141 (corrigunt
1038 2046 1168 2136 μῦσος),

75 2156 195 2238 μΙασμα
216 2153 375 2220 extricare
397 2176 464 2220 non
485 2153 644 2219 valemus.

160 2258 301 2341 ptpso,
325 2253 460 2342 λάχανα,
493 2256 523 2322 si
545 2277 713 2346 comparas
733 2257 867 2340 plaut,
893 2255 1050 2343 trigonoe
1072 2257 1171 2340 palpato

74 2359 129 2427 vel
155 2362 267 2443 μίρκαι
289 2367 478 2449 corruptum
498 2357 648 2442 videtur,
692 2369 730 2424 ut
750 2359 916 2426 Laconica
938 2383 1003 2427 vox
1024 2381 1099 2426 cnm
1122 2361 1170 2442 ut·

76 2487 151 2548 σχος
174 2460 244 2528 sive
263 2463 375 2544 μΙσνος
397 2471 535 2550 cognata
557 2461 692 2548 agnosci
714 2461 830 2552 possit.
863 2459 947 2528 Nam
968 2463 1080 2548 ptogoc
1102 2485 1170 2529 nou

74 2563 184 2632 minus
206 2587 303 2654 qnam
324 2561 438 2639 ναυλός
459 2573 493 2628 et
513 2561 640 2630 caulem
661 2573 694 2629 ct
715 2563 867 2630 cramben
890 2563 1137 2655 significaverit.

1057 2663 1108 2720 οόν

159 2735 361 2822 μούρταρ,
398 2731 498 2810 ostric.
533 2777 575 2788 -
621 2733 807 2822 [μούρνιβον]
846 2738 1029 2818 nonoris(
1069 2761 1103 2816 μ.
1126 2775 1168 2788 -

73 2837 256 2922 μούρονβοο,
287 2839 410 2904 θυσίαι.
477 2837 528 2902 lta
554 2841 589 2902 in
619 2835 732 2904 codice
760 2839 841 2904 baec
869 2837 987 2904 misere
1016 2849 1169 2928 corrupta

73 2941 243 3030 leguntur.
306 2937 524 3029 Antiquiores
545 2938 741 3029 interpretes
764 2938 991 3029 Aegyptiace,
1025 2939 1167 3025 Punica,

73 3041 138 3108 alia
158 3041 401 3130 quaesiverunt.
455 3037 525 3106 Nos
554 3062 594 3106 co
622 3039 731 3106 miuus
760 3039 948 3108 dubitamus
969 3041 1168 3110 Laconicam

74 3143 250 3212 dialectum
273 3163 475 3233 agnoscere,
512 3141 600 3234 qnod
623 3143 680 3210 illa
701 3165 776 3209 cum
798 3141 909 3232 glossa
930 3157 1041 3235 aperte
1062 3143 1167 3212 Laco·

73 3247 148 3314 nica
167 3243 308 3332 μούρνορ
329 3243 498 3312 literarum
520 3245 639 3312 seriem
659 3244 803 3312 turbant.
860 3245 972 3312 Prima
992 3246 1038 3313 ita
1060 3269 1166 3314 corre·

72 3348 195 3416 xerimr
227 3345 425 3433 μούρσορ,
457 3346 644 3430 μυστνσόλος
665 3349 689 3414 i.
713 3371 744 3413 c.
766 3345 896 3430 μύστης.
950 3347 1004 3416 Dc
1025 3348 1165 3440 rcliquis

71 3451 234 3520 acutiores
255 3449 397 3516 videant.

155 3554 253 3644 Pag.
277 3551 321 3620 76
347 3551 372 3618 Ι.
396 3551 440 3618 24
460 3573 575 3642 seqq.
627 3549 815 3618 Meiuckiua
843 3549 880 3618 in
900 3549 1015 3618 Anall.
1038 3549 1162 3620 Alexx.
1221 3611 1225 3622 .

70 3679 104 3746 p.
129 3656 193 3724 247
220 3653 338 3748 probat
357 3651 570 3720 Valckenarii
591 3653 812 3739 conjecturam
838 3652 874 3718 in
893 3651 1077 3720 Alexandri
1097 3653 1165 3722 Aa·

71 3757 131 3826 toli
152 3780 250 3824 versu
272 3754 501 3848 anapaestico,
534 3779 600 3848 quo
622 3755 815 3848 Euripidem
838 3751 1006 3839 describit,

194 3861 239 3924 ‘O
270 3858 303 3924 δ’
333 3856 543 3945 Ἀναξαγόρου
573 3857 728 3945 τρόφιμος
756 3857 890 3944 ἀρχαίου
923 3854 1079 3942 στρυφνὸς
1108 3861 1164 3940 ’μὲν

876 3957 957 4026 ἔοικε
988 3961 1163 4044 προσειπεῖν

69 4063 162 4150 geion
187 4085 248 4152 pro
275 4063 408 4151 ἀρχαίου
436 4059 608 4132 scribentis
630 4062 724 4129 etde
745 4059 850 4127 nobili
870 4061 1086 4152 Anaxagorae
1106 4085 1162 4154 gc·

71 4187 151 4232 nare
173 4162 429 4256 interpretantis.
495 4163 619 4232 Nescio
639 4187 681 4231 au
710 4163 831 4230 rectius
854 4161 1017 4230 scribatur
1037 4166 1161 4250 ῥαχίου,

70 4289 156 4335 nova
176 4289 241 4336 vox
262 4291 281 4333 a
303 4268 401 4355 (bigot,-
423 4269 536 4350 ducta,
565 4267 590 4334 i.
605 4291 635 4335 e.
658 4270 802 4351 spinosi,
829 4289 925 4358 qnam
946 4266 1161 4356 Anaxagorae
