2894 4820
216 367 276 410 Vlll

216 547 358 623 edoceri
384 570 489 620 nemo
515 548 630 646 magis
655 548 890 644 concupiscit.
962 547 1130 622 Ceterum
1154 551 1305 624 severis·

216 653 345 724 simum
397 649 516 746 operis
566 649 636 721 mei
686 664 880 724 censorem·
913 675 969 722 me
1018 651 1137 748 ipsum
1171 652 1305 751 egisse,

216 751 468 844 Additamento
494 748 539 824 od
564 752 648 824 1..1
673 749 816 826 nbuude
842 751 1073 850 patefacient.

315 851 464 926 lllorum
499 853 612 951 igitur
642 877 831 926 censorum
863 847 1075 926 nec‘minus
1097 853 1193 928 Tuo
1218 853 1307 928 ulio·

216 981 392 1054 rumque,
434 952 567 1054 quibus
592 953 788 1052 plurimum
814 953 956 1047 tribuo,
990 954 1140 1054 judiciis
1167 982 1307 1053 permo-

216 1070 273 1133 tus
296 1083 376 1138 sum
401 1069 442 1128 ut
467 1081 585 1155 neque
616 1059 736 1154 operis
762 1056 972 1134 absolvendi
998 1057 1189 1132 consilium
1215 1057 1307 1156 abji-

215 1185 331 1234 cerem
358 1168 395 1232 et
425 1157 547 1230 eodem
580 1159 639 1230 uin
663 1170 771 1258 utque
797 1162 934 1232 rotioue
961 1185 1169 1260 pergerem,
1213 1172 1306 1260 qnu'e

216 1263 376 1335 omnium
402 1259 737 1334 usseusum'tulisse
764 1261 960 1334 uideretur.
1035 1261 1189 1360 Neque,
1236 1264 1307 1334 nisi

216 1363 376 1436 faciliore
402 1363 508 1458 primi
537 1359 622 1434 libri
654 1360 776 1436 labore
810 1365 903 1436 vires
931 1377 1035 1438 auten
1067 1365 1307 1436 exercuissem

215 1477 325 1564 utque
348 1463 566 1556 firmassem,
603 1462 715 1562 hujus
741 1463 968 1542 mediocriter
989 1463 1198 1562 perficiendi
1224 1492 1307 1564 gru·

215 1568 401 1639 vissimum
449 1591 541 1640 onus
587 1591 644 1640 me
689 1578 936 1640 sustenturum
981 1567 1094 1640 luisse
1136 1565 1304 1640 arbitror.

218 1667 327 1762 Quod
354 1693 461 1767 quem
487 1677 584 1740 recte
610 1669 783 1760 seutiam,
834 1694 1040 1767 quenquam
1064 1669 1129 1740 Tu
1156 1695 1200 1742 ex
1226 1670 1307 1766 ipso

215 1797 323 1868 opere
349 1772 435 1842 sotis
462 1767 664 1872 intelliges,
712 1769 784 1844 duo
816 1782 936 1844 tumen
963 1771 1212 1845 molestissime
1241 1773 1307 1844 im·

214 1871 438 1970 pedimenra,
494 1897 586 1970 queo
629 1870 772 1944 lucilius
813 1871 925 1946 lutere
964 1875 1129 1972 possint,
1183 1873 1307 1970 paucis

215 1971 514 2048 commemorabo.
591 1974 750 2046 Primum
778 1976 929 2046 nimium
956 1986 1130 2074 quantum
1155 1971 1307 2048 desude-

214 2079 274 2167 vi,
311 2077 546 2176 priusquam,
581 2073 670 2174 quid
693 2078 900 2178 quibusque
928 2075 1115 2169 fontibus,
1153 2103 1307 2176 quorum

215 2177 380 2278 plerique
412 2203 538 2276 perum
569 2175 711 2274 limpidi
746 2191 851 2270 snut,
898 2179 984 2252 lidei
1017 2178 1143 2252 baberi
1175 2181 1303 2276 possit,

214 2283 301 2354 sutis
332 2291 560 2376 perspectum
593 2278 777 2354 haberem.
862 2279 1003 2360 Deinde
1035 2283 1074 2352 in
1100 2281 1168 2371 iis,
1214 2305 1307 2377 quse

102 2469 105 2483 ι
214 2383 432 2456 recentiores
458 2393 494 2454 et
518 2383 754 2456 recentissimi
783 2381 887 2480 (odeo
913 2384 976 2480 qui
998 2380 1083 2478 jure
1110 2380 1309 2454 doctissimi

214 2481 408 2581 habentur)
443 2480 488 2554 de
515 2481 646 2556 Dorion
673 2481 826 2558 dialecto
858 2481 1107 2580 protulerunt,
1152 2479 1306 2556 incredi-

215 2583 324 2658 bilem
358 2610 520 2662 errorum
552 2585 690 2680 copiam
724 2587 868 2676 iuveni,
917 2596 1040 2658 contro
1074 2586 1304 2682 paucissima,
1379 2597 1384 2609 '

65 2733 69 2744 ·
215 2686 312 2760 uude
338 2685 478 2784 aliquid
504 2685 672 2783 praesidii
700 2690 773 2784 peti
803 2699 945 2785 posset3
997 2713 1041 2760 ne
1073 2713 1114 2762 eu
1141 2685 1303 2786 quidem,

85 2810 87 2816 ’
216 2813 309 2888 quae
337 2787 539 2862 Roeclrbius
572 2789 611 2860 iu
641 2787 801 2866 seeundo
828 2788 999 2886 Corporis
1025 2787 1306 2886 Inscriptiounm

217 2889 399 2962 volumine
425 2889 469 2962 de
489 2888 641 2963 dialecto
659 2889 798 2964 Cretica
818 2903 1077 2964 commentatus
1095 2904 1165 2981 est,
1193 2917 1306 2990 quon·

215 3017 324 3091 quum
356 2990 507 3091 reliquis
540 2991 653 3065 multo
685 2994 962 3090 praestantiora,
1008 2996 1126 3066 omnio
1161 2993 1307 3091 probari

216 3103 402 3191 poteraut,
454 3120 566 3192 quum
598 3105 763 3168 accuratu
794 3095 955 3168 omnium
981 3094 1127 3166 Doridis
1157 3096 1307 3165 varietu-

216 3207 291 3268 tum
330 3197 546 3292 comparatio
583 3194 694 3290 baud
713 3221 794 3270 raro
825 3194 894 3268 elie
926 3194 1083 3272 doceret.
1159 3195 1304 3268 Utinam

215 3307 354 3370 tuntum
382 3295 516 3371 laboris
551 3297 605 3370 Te
634 3295 759 3395 jndice
793 3323 839 3370 ue
874 3296 965 3372 mele
997 3299 1200 3394 impensum
1226 3321 1305 3368 esse

215 3396 399 3472 videntur!
424 3444 475 3456 -
551 3399 742 3488 Ceterum,
789 3398 832 3472 de
859 3425 930 3498 qun
957 3425 995 3474 re
1017 3401 1056 3470 iu
1081 3401 1189 3496 primi
1220 3396 1306 3468 libri

216 3501 439 3598 praelatioris
471 3527 616 3576 mouere
660 3499 952 3600 neglexeramus,
1007 3503 1159 3575 consilio
1194 3511 1230 3574 et
1264 3525 1305 3572 eu

217 3604 348 3674 omissa
380 3613 488 3694 sunt,
548 3629 640 3703 quue
676 3603 721 3676 ed
755 3604 988 3701 syntecticum
1023 3605 1196 3676 mitonem
1224 3627 1305 3699 spe·

216 3713 333 3796 cteut,
373 3730 445 3803 quo
471 3708 653 3804 pertinent
670 3703 850 3778 schemate
875 3705 1029 3805 singulis
1044 3703 1187 3802 pupulis
1210 3701 1307 3801 epud

216 3809 468 3904 grammaticos
490 3807 692 3905 adscripta,
730 3817 768 3882 et
793 3805 992 3908 glossarum
1018 3831 1039 3880 e
1062 3805 1224 3880 dialectis
1244 3803 1305 3878 de·

217 3920 484 4006 prompturum,
533 3921 710 4007 quatenus
735 3911 774 3982 iu
800 3909 1071 4009 etymologicum
1093 3920 1227 4006 partem
1250 3907 1306 3978 ni·

158 4015 160 4017 ’
219 4009 270 4080 bil
294 4009 388 4084 lucri
412 4011 590 4099 efferunt,
631 4013 760 4110 ingens
787 4009 972 4086 numerus.
1033 4009 1143 4105 Quod
1165 4009 1304 4107 aliquo·

218 4112 308 4202 ties,
354 4113 506 4186 maxime
539 4114 577 4184 in
609 4111 646 4213 5.
669 4109 744 4206 ⁴6,
797 4111 891 4188 ultre
917 4113 1030 4204 lines,
1076 4109 1209 4212 quibus
1235 4110 1305 4210 ipsi

219 4237 284 4285 nos
306 4214 713 4314 circumscripserumns,
740 4217 880 4316 evagati
902 4241 980 4291 csse
999 4215 1183 4308 videmur,
1210 4209 1307 4312 apud
