2890 4812
352 404 385 498 6.
413 407 475 484 43.
526 408 583 480 De
605 403 942 503 praepositionibus.
1115 405 1193 484 355

92 609 298 698 ἀναγράψαι,
329 609 503 694 ἀναθέμεν,
534 609 733 694 ἀνανεοῦται,
760 608 1070 694 παραγινόμενος-
1099 611 1190 678 Cret.

90 714 180 782 2555
203 712 428 797 ἀγγραψάντοιν
438 763 450 792 ,
473 713 558 780 2554
580 714 623 795 ἀμ
642 711 781 793 ποταμόν
802 724 836 778 et
857 713 895 777 ἀν
915 712 1027 798 ῥάχιν,
1049 713 1108 780 setl
1128 713 1192 780 ibi·

92 817 171 882 elcrn
194 813 396 898 ἀναγινώσκω
418 825 451 880 ct
472 813 594 880 similia
616 853 660 868 —-
681 813 771 880 Cret.
784 813 871 883 3050
884 816 1085 900 παρδέγεται,
1108 841 1195 900 παρ-

92 919 200 995 ectri,
233 915 299 1004 πάρ
320 919 360 996 τᾷ
381 915 661 994 clientelarum,
695 917 781 984 3047
807 913 873 999 πάρ
893 919 955 982 τών
975 929 1009 984 ct
1027 916 1116 1000 παρά
1135 923 1192 998 τώ,

93 1018 182 1086 3043
201 1017 268 1102 πάρ
297 1021 422 1100 Τηῗαιν,
444 1015 529 1086 3058
551 1015 723 1102 ἆγγράψαι.

182 1119 319 1210 Reliqui
333 1120 422 1186 tituli
439 1143 607 1210 epocopen
628 1118 798 1207 ignorante
820 1117 944 1210 Delph.
960 1119 1064 1186 Phoc.
1079 1122 1191 1190 Aetol.

93 1221 222 1290 Acern.
246 1222 382 1312 Corcyr.
408 1220 551 1302 1838,1ι.
575 1221 813 1288 1841-1841.
847 1221 956 1288 erod.
987 1221 1106 1312 Astyp.
1132 1224 1194 1292 Cr·

93 1323 200 1412 lyme.
232 1323 335 1390 Ther.
369 1321 459 1390 Cret.
480 1321 577 1391 2556.
611 1322 735 1411 Cyrcn.
768 1333 854 1408 etc,
885 1323 944 1414 qui
973 1347 1087 1391 omnes
1114 1326 1194 1392 Ale·

93 1423 215 1490 xndri
236 1435 340 1492 aetate
360 1425 560 1491 recentiores
577 1435 665 1490 sunt.
708 1423 901 1492 Pnullulnm
916 1424 1083 1511 miremur,
1105 1427 1195 1518 quod

94 1525 134 1592 in
157 1526 287 1592 lsscnei
309 1551 360 1594 nr.
383 1527 486 1610 1831,
518 1537 662 1594 ceterum
692 1525 910 1616 entiqniorem
938 1525 1084 1596 indolem
1111 1529 1194 1596 rele-

94 1639 210 1710 rente,
233 1626 416 1712 ἀναγράψαι
436 1627 586 1696 truditur.

185 1729 370 1821 Scriptores
397 1731 602 1822 antiquiores
631 1727 775 1818 genuine
799 1727 923 1796 Dorice
951 1728 1090 1798 dialecto
1116 1754 1194 1800 οισι

97 1853 267 1922 apocopen
296 1843 384 1900 certe
412 1857 479 1898 non
507 1831 615 1920 magis
636 1842 801 1898 eversetoe
823 1853 897 1898 csse
918 1855 1015 1921 quem
1035 1834 1074 1900 fit
1092 1834 1128 1900 in
1149 1845 1196 1900 tr·

96 1933 190 2000 bulis
212 1931 491 2000 llcrrclecnsibue
519 1945 552 1999 et
582 1929 721 2023 reliquis
749 1931 858 1998 titolis
878 1933 990 2021 paullo
1010 1935 1196 2002 vetustiori·

96 2036 178 2118 bus,
200 2047 456 2104 concenteucum
478 2047 540 2102 eet.
585 2034 688 2124 Apud
702 2033 934 2122 Epicharmnm
954 2035 1112 2124 leguntur
1125 2063 1197 2102 κατ-

97 2135 155 2204 eir
177 2139 230 2204 19.
253 2137 315 2220 94,
347 2137 501 2220 κατθέμεν
520 2137 564 2204 48
593 2138 641 2219 (ct
661 2138 823 2202 κατθεῖναι
844 2135 933 2204 inter
954 2161 1117 2228 syncopae
1142 2162 1197 2205 ex·

99 2237 211 2330 cmple
232 2265 273 2308 ex
293 2239 494 2330 Epicharmo
515 2239 647 2306 effertur
668 2261 687 2303 ι
707 2237 887 2326 Tryphone
903 2236 983 2303 πάθ.
998 2240 1058 2315 tri.
1082 2233 1112 2328 §
1125 2241 1196 2325 23),

99 2339 268 2408 κατθανών
290 2342 372 2427 116,
408 2341 605 2408 ποττοὺτοισι
627 2339 686 2424 35,
718 2339 874 2422 ποτθέμειν
895 2339 938 2407 91
967 2341 1094 2424 (contre
1117 2341 1197 2407 κατά

99 2443 204 2520 πόδας
226 2445 287 2530 18,
317 2442 396 2508 κατά
419 2443 516 2526 φύσιν
535 2441 599 2528 91,
629 2443 819 2526 καταφαγεῖν
840 2442 893 2508 19.
917 2441 980 2526 23,
1005 2447 1198 2526 καταμαθών

101 2547 166 2630 96,
199 2544 356 2610 ααταδικά
375 2545 453 2630 99),
485 2545 564 2611 item
587 2543 630 2626 ἀμ
649 2542 829 2626 πενιόγκιον
847 2542 968 2634 Epion.
991 2543 1012 2610 5
1033 2556 1066 2610 ct
1086 2545 1199 2613 ἀνδοά-

100 2671 190 2734 μενοι
212 2647 332 2736 Sophr.
355 2647 418 2732 97,
453 2669 514 2714 ncc
545 2645 681 2712 dubium
710 2655 779 2728 cst,
813 2643 893 2734 quin
923 2643 1099 2731 ἀνανέμιιν,
1131 2671 1198 2738 qno

103 2747 226 2817 suidas
248 2749 483 2838 Epicharmum
503 2773 564 2838 pro
587 2745 807 2830 ἀναγινώσκειν
828 2771 923 2814 usnrn
947 2746 1045 2826 elicit,
1070 2773 1111 2816 ex
1131 2749 1198 2816 lle·
1259 2757 1267 2789 r

104 2851 263 2938 eychiene
296 2852 407 2940 glossa
440 2850 598 2934 ἀννέμιιν,
631 2848 853 2933 ἀναγινώσκειν
884 2847 1008 2937 corrigi
1039 2859 1197 2939 oporteat.

103 2953 221 3041 lteque
252 2977 320 3020 nou
351 2951 506 3018 videntur
540 2949 683 3038 genuine
713 2953 878 3039 παρατιθῇ
914 2959 948 3016 et
977 2949 1066 3032 παρά
1094 2951 1200 3030 ιη’νοις

104 3055 227 3146 Epion.
252 3056 310 3121 111
336 3063 369 3119 et
391 3054 474 3134 121,
508 3075 591 3142 quee
613 3064 725 3118 contre
746 3051 916 3116 titulorum
937 3051 1071 3118 illorum
1092 3051 1200 3140 legem

103 3169 254 3247 peccent.
299 3156 381 3220 ltcnr
403 3155 437 3219 in
453 3153 658 3242 Megerensis
671 3153 905 3246 Aristoplenei
925 3153 1036 3218 rerlrie
1056 3175 1201 3245 epoeope

103 3270 241 3348 regnati
274 3257 391 3340 ἄμβατε
412 3257 494 3340 098,
518 3257 652 3320 ἄντεινον
672 3255 755 3332 732,
779 3256 817 3318 ἀν
836 3253 890 3319 τάν
911 3252 1016 3319 ὀδελάν
1039 3253 1201 3340 ἀραιοσαρ-

105 3361 198 3444 μένον
219 3358 305 3442 762,
328 3357 442 3424 ποττάν
463 3369 497 3422 et
516 3357 609 3422 ποτιό
630 3355 706 3424 698.
728 3357 805 3422 717.
828 3357 910 3441 7493
933 3377 1034 3422 unum
1057 3355 1202 3443 ἀναγνοι-

105 3465 193 3550 avogi
205 3459 269 3527 757
288 3459 402 3526 Attico
423 3466 539 3550 potitae
561 3457 802 3543 condonemus,
826 3470 858 3523 et
871 3457 1006 3523 Doricie
1028 3455 1109 3523 odeo
1122 3465 1201 3548 poli·

105 3565 151 3630 tie
172 3561 310 3630 licuisse
330 3569 502 3652 putemus,
525 3573 562 3625 ut
582 3559 678 3628 metri
700 3560 803 3650 gratie
826 3581 970 3649 rpocopc
987 3557 1200 3639 continerent,

107 3663 208 3756 qnele
237 3674 289 3733 est
316 3668 387 3729 nort
405 3662 462 3728 τάν
482 3661 629 3730 Τίιοοοε.
652 3661 685 3727 6.
718 3699 760 3712 -
801 3659 918 3752 Neque
946 3659 1009 3726 elie
1038 3682 1202 3749 syncopae

105 3768 163 3834 lex
185 3775 319 3856 npprret
339 3765 375 3828 in
396 3763 598 3852 Lysistratus
633 3761 670 3826 ἀν
690 3761 749 3847 γάρ
774 3762 878 3846 1001,
912 3759 1105 3844 ἀμπτάμενος
1126 3761 1201 3843 106,

109 3867 326 3952 ἀμβαλώμεθα
347 3865 451 3950 1096,
486 3865 672 3949 ἀμπάλλοντι
693 3863 777 3930 1310
798 3859 963 3952 (neglecte
984 3862 1020 3928 in
1042 3860 1203 3943 ἀνακεφα-

109 3971 229 4052 σμένως
250 3968 335 4036 1099
355 3991 501 4058 syncope
521 3967 647 4034 indieio
669 3975 739 4048 eet,
760 3987 874 4032 vocem
896 3964 937 4030 ed
957 3963 1062 4030 Attici
1082 3961 1204 4030 erutio-

109 4095 186 4138 nem
207 4070 395 4136 trahendam
427 4093 500 4135 csse
527 4069 596 4136 vid.
626 4061 658 4155 ᾗ.
680 4068 720 4133 41
753 4077 822 4132 not.
845 4063 904 4148 2);
939 4064 1003 4149 πὰρ
1025 4063 1078 4132 τὸν
1106 4065 1203 4150 1309,

109 4171 270 4259 πάρφαινε
300 4171 383 4251 183,
418 4193 519 4260 querc
548 4169 584 4236 in
610 4166 699 4252 παρά
726 4171 765 4248 τᾷ
787 4171 844 4249 σιῷ
866 4167 929 4234 171
949 4165 1098 4234 lieeniue
1118 4179 1205 4236 recte

112 4297 280 4366 rpocopen
301 4271 467 4363 postulare
491 4269 638 4357 ridetur3
660 4271 778 4334 καιτάν
799 4267 895 4353 1259,
918 4267 1012 4333 norro
1034 4267 1109 4351 117,
1130 4291 1200 4333 ποτ·
1277 4357 1286 4372 ·

948 4393 1011 4460 23·
