2894 4820
285 403 331 479 18
624 403 656 495 6.
683 407 734 480 Ἅι.
755 408 828 480 ne
854 406 1027 484 fontibus.

366 607 423 686 12)
462 603 617 686 llutos,
639 606 698 699 qui
718 605 836 698 incipit
862 617 898 674 Τ.
922 606 1091 687 Κλαύδιοι.

366 708 422 789 13)
462 705 596 774 'l'itulua
615 697 724 793 lacer,
744 709 805 798 qui
823 707 943 799 incipit
960 715 1005 776 roi
1017 711 1209 796 Ἀμμαιιος,
1231 730 1299 776 non
1319 730 1374 776 au·

280 809 404 900 tiquior
423 805 648 900 Vespasiano,
669 821 707 875 ut
726 799 975 880 incieu'rtrvii
995 833 1127 879 nomen.
1147 829 1153 836 ·

365 911 539 978 Praeterea
564 911 750 978 brevies-i
777 912 913 1002 quidam
937 913 1026 980 tituli
1053 925 1088 980 et
1117 915 1317 1008 antiqniores
1342 922 1375 976 et

280 1013 658 1080 recentiores-nonnulla
676 1013 769 1080 utilia
791 1014 1049 1106 suppeditarunt.

364 1115 418 1192 12)
463 1112 659 1204 Quanquam
680 1125 825 1198 constat,
868 1115 945 1182 iude
973 1140 992 1182 a
1019 1115 1108 1182 tertii
1136 1117 1259 1186 sacculi
1278 1113 1373 1182 initio

278 1213 374 1306 plura
399 1215 436 1281 iu
464 1214 537 1281 dies
563 1215 772 1304 vulgar-inin
801 1215 957 1282 Doricam
986 1216 1160 1284 dialectum
1188 1216 1373 1309 irrepsisse,

279 1316 457 1386 cavendum
477 1325 585 1382 tamen
614 1327 686 1402 est,
717 1337 765 1410 ng
790 1317 838 1400 (id
861 1317 949 1408 quod
970 1318 1036 1408 ipsi
1055 1317 1224 1388 Boeelrlrio
1245 1316 1375 1397 accidit)

279 1417 419 1486 dialecto
438 1429 608 1506 corruptae
629 1441 669 1485 ea
694 1419 894 1502 tribucum,
929 1443 1012 1510 quac
1033 1444 1052 1486 a
1072 1420 1223 1510 lapicidis
1245 1427 1376 1512 peccate

280 1529 368 1586 suut.
412 1518 497 1586 Nam
518 1520 548 1586 si
568 1519 698 1608 quiudo
719 1518 841 1586 Dorica
863 1519 992 1587 decreta
1011 1520 1048 1586 in
1068 1521 1150 1588 urlsa
1170 1547 1238 1590 non
1252 1518 1376 1590 Dorica

280 1621 441 1711 lapicidae
461 1619 599 1688 Doridis
618 1620 726 1710 ignari
747 1643 846 1712 opera
867 1631 994 1688 exarata
1014 1633 1112 1710 aunt,
1147 1625 1303 1692 facillime
1324 1643 1375 1686 ae·

281 1722 391 1790 cidere
410 1733 556 1812 poterat,
593 1733 631 1788 nt
660 1723 781 1788 lormas
801 1731 973 1788 consuetas
994 1723 1030 1789 in
1050 1724 1249 1792 Doricarum
1267 1724 1375 1790 locum

280 1823 511 1907 substitueret,
557 1833 594 1888 ut
611 1823 870 1914 Lampsacenum
898 1823 1071 1913 lapicidam
1102 1826 1139 1892 iu
1158 1827 1299 1893 Aeolico
1320 1821 1375 1888 de·

279 1933 368 1991 creto
388 1923 546 1990 nonnulla
577 1925 762 2014 corrupisse
789 1923 946 2014 suspicati
976 1949 1088 1992 sumus
1110 1927 1151 1994 1..
1174 1928 1191 1995 l
1219 1929 1252 2012 ξ.
1273 1927 1318 2008 2,
1338 1922 1373 1990 2.

279 2025 353 2094 Jam
380 2049 459 2092 uero
478 2025 676 2092 Dorioorum
707 2023 875 2092 titulorum
903 2026 991 2092 haud
1016 2029 1112 2118 pauci
1139 2029 1247 2095 simile
1272 2026 1373 2090 latum

278 2127 369 2220 pensi
398 2135 487 2194 sunt.
551 2126 700 2194 Primum
726 2127 1005 2217 Amphictyonum
1035 2129 1201 2194 decretum
1229 2119 1372 2193 Athenis

278 2229 422 2320 positum
443 2227 482 2292 C.
505 2227 534 2293 l.
564 2252 616 2292 ιι.
641 2227 723 2294 1688
750 2239 904 2316 quautam
931 2228 1008 2293 iude
1036 2228 1166 2294 dialecti
1186 2230 1373 2294 inconstan-

278 2330 356 2396 tiam
377 2327 531 2412 traxerit,
553 2326 734 2394 accuratius
754 2327 789 2392 iu
810 2327 1004 2416 Appendice
1025 2325 1228 2415 ridebimus3
1260 2327 1296 2391 iu
1319 2323 1374 2389 de·

276 2443 365 2499 creto
385 2427 538 2496 Aetolie'o
560 2427 621 2495 Cei
648 2427 756 2517 posito
777 2451 829 2493 ιι.
848 2427 934 2496 2356
960 2427 1118 2516 lapicidae
1138 2429 1287 2494 Atticum
1308 2422 1374 2490 θά-

278 2541 389 2599 λατταν
416 2529 640 2616 vindicamus3
682 2529 718 2593 iu
739 2528 931 2594 Aetolorum
960 2529 1089 2596 decreto
1118 2529 1159 2596 ad
1185 2529 1290 2618 'l'ejon
1317 2548 1369 2592 ur.

277 2635 362 2704 3646
382 2635 447 2700 luc
467 2631 638 2699 referimus
657 2627 739 2713 πρός
764 2629 789 2694 l.
813 2631 853 2697 13
882 2654 943 2721 pro
963 2633 1036 2698 coel
1066 2641 1099 2696 et
1124 2631 1149 2697 l.
1173 2631 1214 2699 16
1235 2634 1279 2705 εἰς
1300 2623 1372 2700 code

277 2737 391 2819 νόμους
411 2757 472 2825 pro
494 2733 646 2800 Aetolico
668 2733 700 2796 ἓν
720 2729 794 2806 τούς
813 2730 948 2818 νόμους,
970 2731 1059 2822 quod
1079 2731 1103 2798 l.
1128 2725 1169 2801 18
1189 2728 1371 2802 rectissime

276 2837 313 2903 iu
335 2835 480 2902 llesselii
508 2833 695 2926 apographo
722 2833 869 2900 traditur.
924 2833 964 2898 lu
984 2831 1217 2923 Byzantiorum
1239 2834 1371 2898 decreto

277 2937 396 3004 Olbiae
423 2937 526 3027 lapidi
552 2935 658 3003 inciso
686 2958 739 3000 ur.
761 2933 847 3002 2666
875 2957 954 2999 uum
982 2958 1047 3023 qua
1074 2936 1146 3022 ejus
1166 2933 1298 3026 pencris
1320 2927 1370 2992 ln·

277 3039 371 3122 siut,
406 3037 570 3106 difficilius
593 3037 781 3125 judicatur,
824 3035 902 3124 quia
930 3059 1044 3102 recens
1072 3035 1144 3124 ejds
1172 3035 1260 3103 tituli
1281 3036 1369 3096 aeta!

275 3140 431 3226 majorem
450 3139 581 3206 dialecti
601 3138 842 3228 corruptionem
863 3145 1003 3204 statuere
1023 3139 1214 3234 permittit,=
1234 3132 1289 3201 vel
1320 3125 1369 3194 sit

274 3250 382 3307 tamen
402 3263 470 3307 non
491 3240 683 3308 crediderim
704 3240 795 3331 ipsos
815 3237 993 3328 Byzantion
1020 3239 1159 3324 ἡγήσαιο
1187 3237 1212 3304 l.
1235 3235 1279 3305 22
1306 3247 1369 3321 ΡΝ

277 3340 416 3424 ἆγὴσαιο
438 3341 621 3432 scripsisse.
676 3340 716 3407 lu
739 3340 983 3430 Calpmuiorum
1003 3339 1133 3406 decreto
1154 3337 1194 3404 ad
1217 3339 1367 3405 laseusee

274 3464 327 3507 nr.
349 3443 433 3510 2671
459 3443 677 3534 pulcherrime
703 3443 825 3533 scripto
844 3431 991 3532 lapicida
1019 3440 1103 3506 nilril
1137 3457 1292 3530 peccasse
1320 3427 1367 3494 vl·

274 3542 389 3629 dctnr3
410 3567 485 3610 uam
504 3545 744 3612 exeusationem
764 3543 861 3610 lralsct
875 3543 1088 3626 Δρακοντίδου
1107 3539 1143 3604 iu
1164 3539 1297 3606 nomine
1320 3529 1367 3594 le·

275 3643 342 3732 pati
361 3645 505 3712 lacensis
526 3658 560 3714 et
579 3649 750 3730 βασιλέως,
784 3666 850 3734 quo
870 3641 1103 3708 llecedonicus
1121 3663 1180 3708 rex
1200 3633 1366 3729 significa·

272 3754 339 3811 tur.
382 3745 422 3812 ln
450 3745 574 3814 Dorico
603 3746 734 3813 decreto
762 3747 802 3813 ad
832 3743 1035 3834 Bargylietas
1062 3765 1113 3824 ur.
1133 3741 1219 3810 2676
1250 3745 1365 3804 contr·

270 3845 355 3912 male
376 3857 503 3914 exarata
522 3849 674 3916 videntur
693 3851 915 3932 Βαργυλιηιοῑι
948 3846 1146 3935 (quanquam
1173 3843 1236 3908 loe
1263 3853 1364 3901 excu-

186 3999 188 4002 ψ
270 3947 337 4014 sari
356 3957 477 4038 potest)
506 3973 567 4040 pro
587 3955 803 4036 Βαργυλιηιᾶιι
823 3960 857 4016 et
880 3947 1093 4034 ἅρχιθέωριι,
1125 3965 1225 4032 quum
1246 3941 1363 4027 poste·

269 4049 477 4137 dropodc'sius
503 4049 660 4140 scriptum
690 4051 745 4118 sit.
801 4053 842 4118 lo
868 4047 1028 4116 sententia
1044 4045 1197 4134 judicum,
1214 4030 1362 4146 Rhodio·

267 4169 341 4217 rum
368 4149 409 4217 de
436 4150 558 4218 linibus
578 4151 807 4220 Prieneusium
837 4175 888 4218 ιι.
911 4149 995 4218 2966
1031 4149 1225 4226 ἀπεδείξαμεν
1254 4139 1288 4206 el
1316 4153 1362 4196 ⁸¹·

265 4247 356 4316 milia
374 4274 435 4341 pro
459 4250 675 4340 ἇιιδείξαμις,
698 4259 806 4340 lepr'ue
827 4266 860 4320 et
879 4251 1033 4336 βασιλέως
1053 4247 1191 4316 dialecto
1212 4232 1360 4312 Rhodio·
