2890 4812
243 411 276 502 §.
298 410 369 507 tt..
385 413 442 486 De
461 407 647 484 adverbiis
666 404 738 482 loci
761 419 797 478 et
820 401 1007 499 temporis.
1095 401 1170 478 366

74 615 114 682 ad
147 639 353 682 communem
381 615 506 681 fontem
535 612 716 680 revocanda
745 634 819 678 esse
845 633 1029 678 censemus.
1071 610 1171 676 Anti-

74 719 236 808 quissima
264 717 351 784 enirn
382 715 568 782 terminatio
596 722 644 780 Fa
671 714 775 780 luisse
803 713 933 780 videtur
962 713 1034 795 vel,
1066 712 1171 778 voeali

73 819 275 909 praemissa,
310 825 392 885 oFt.
445 818 535 904 Hine
565 818 707 906 primum
739 815 836 882 laeile
870 824 945 878 ueta
973 825 1024 880 est
1051 815 1172 880 Latina

74 921 262 988 terminatio
282 921 324 986 bi
347 919 452 1004 (ibi,
482 919 569 998 ubi,
601 914 767 1004 utrobi)
789 929 822 982 et
844 916 968 982 Graece
991 943 1051 997 φο,
1086 941 1171 1008 quae

72 1028 107 1088 in
131 1022 252 1106 αὐτόφι
272 1023 449 1113 aliquoties
470 1019 557 1110 apud
573 1019 752 1087 Homerum
775 1029 901 1084 servata
923 1027 992 1102 est3
1013 1018 1090 1085 bine
1109 1041 1173 1109 per

73 1124 289 1215 aspiraturum
311 1123 602 1212 permutationem,
638 1123 693 1188 eni
722 1121 853 1186 favebat
880 1120 1105 1186 adverbiorum
1134 1119 1171 1186 iu

72 1237 128 1290 οευ
149 1225 324 1314 analogia,
357 1225 508 1292 usitatior
528 1223 714 1290 terminatio
740 1233 786 1288 θι
811 1222 950 1312 prodiit,
982 1222 1081 1301 πόθι,
1113 1221 1171 1288 αὖ·

73 1327 156 1393 τόθι.
202 1327 334 1394 Deinde
355 1333 397 1392 Fa
418 1326 576 1394 laeillime
598 1326 728 1392 transiit
748 1325 782 1390 in
806 1324 1004 1391 Lesbiaeuna
1028 1349 1077 1404 οι,
1110 1327 1170 1392 ubi

73 1440 155 1496 teste
178 1429 353 1496 Prisciauo
382 1455 401 1492 υ
428 1428 676 1518 pronuntiatum
699 1439 752 1494 eet
770 1426 857 1492 aient
885 1449 907 1491 ιι
937 1427 972 1492 in
1002 1429 1168 1514 suavis,

73 1557 156 1621 quae
178 1531 364 1598 terminatio
392 1530 470 1596 item
499 1530 534 1595 in
565 1529 698 1596 Cretieo
727 1528 782 1594 edi'
804 1528 1028 1617 conspicitur3
1061 1553 1170 1620 neque

73 1634 166 1700 aliter
189 1658 231 1700 ex
254 1641 313 1700 oFt
330 1633 451 1698 laetum
468 1643 519 1698 est
541 1657 602 1698 ουι
623 1631 657 1696 in
674 1629 806 1696 Cretico
821 1628 939 1708 κηνούϊ.
984 1630 1168 1721 Dipbtbon·

75 1760 134 1822 pus
154 1761 186 1800 υι
209 1759 306 1824 quam
326 1746 441 1824 vergat
462 1734 496 1799 iu
526 1759 545 1798 υ
567 1744 599 1800 et
620 1759 675 1818 οι,
709 1755 794 1824 quae
821 1743 898 1798 aunt
925 1732 1171 1801 terminationes

74 1835 273 1920 Lesbiaeae,
296 1838 375 1902 baee
397 1837 494 1902 etiam
505 1835 648 1912 Dorica,
672 1834 887 1924 conspicuum
909 1847 979 1920 est5
1001 1859 1019 1900 e
1039 1833 1170 1903 Cretica

73 1939 302 2005 terminatione
320 1964 369 2004 ουι
383 1937 540 2005 facillime
552 1939 720 2028 vulgarem
743 1962 786 2002 ου
808 1935 1016 2002 derivaveris.
1050 1935 1170 2012 Paullo

73 2039 176 2128 magis
210 2041 250 2106 ab
281 2041 417 2131 antiqua
448 2041 553 2106 forma
581 2039 718 2108 recessit
746 2039 870 2106 Dorica
897 2037 1083 2106 terminatio
1115 2061 1168 2125 εις

75 2163 243 2232 compares
265 2153 372 2210 manen
392 2144 534 2226 γλυκεῖα,
569 2143 657 2233 quod
686 2165 747 2232 pro
768 2147 904 2224 ytvnFm
925 2163 998 2208 esse
1021 2151 1167 2231 apparet,

77 2251 107 2306 et
126 2243 288 2312 Doricum
310 2246 446 2324 ιὀικεῒα,
475 2242 565 2334 quod
587 2257 638 2310 est
658 2267 718 2334 pro
738 2242 867 2330 vulgari
891 2244 1030 2326 ἐοικυῖα,
1053 2243 1168 2311 lonieu

76 2345 207 2414 ιὀικοῒυ.
251 2344 455 2412 Difficillime
481 2357 587 2410 autem
608 2345 648 2410 ed
671 2343 900 2432 explicandum
921 2355 973 2412 est
991 2344 1169 2419 severioris

75 2443 213 2514 Doridis
235 2447 420 2514 terminatio
442 2475 481 2529 η,
503 2469 629 2536 neque,
653 2469 753 2536 quum
770 2447 834 2512 iota
848 2447 925 2526 huie
939 2441 1168 2515 adverbiorum

79 2551 191 2634 generi
213 2551 253 2616 ab
276 2549 405 2639 origiue
427 2548 611 2626 inbuet-eat,
634 2547 792 2637 reliquis,
822 2548 857 2614 in
880 2547 1002 2640 quibus
1025 2547 1169 2614 severior

76 2647 175 2716 Doris
199 2679 219 2730 η
242 2675 302 2742 pro
324 2651 454 2742 vulgari
483 2675 510 2714 ec
537 2650 656 2716 babere
684 2651 807 2716 certius
837 2650 1067 2740 cognoscitur,
1100 2649 1168 2719 nisi

76 2751 261 2820 dubitanter
283 2753 462 2841 comparari
483 2763 602 2844 potest.

156 2856 191 2930 5)
225 2853 319 2938 Qune
341 2853 494 2920 adverbis
516 2855 613 2921 modo
636 2853 913 2940 enumeravimus,
936 2853 1044 2922 omnia
1062 2880 1080 2920 a
1093 2879 1167 2946 pro·

75 2955 263 3022 nominibus
285 2957 509 3039 descendunt,
544 2981 608 3021 uua
631 2955 849 3046 Epimeniden
875 2982 955 3024 voee
982 2961 1092 3036 πλατιή
1115 2984 1169 3024 ex·

76 3069 176 3146 nepta.
224 3055 354 3124 Similia
375 3069 481 3126 tamen
504 3071 582 3124 suut
602 3057 758 3124 adverbia
779 3057 957 3148 quaedam,
986 3060 1065 3126 item
1086 3061 1169 3128 mul·

75 3157 217 3226 tiformia
229 3207 240 3244 ‚
264 3183 348 3249 quae
369 3185 388 3225 a
409 3159 708 3250 praepositionibus
730 3163 762 3224 ἰυ
784 3173 817 3228 et
841 3163 872 3238 ἐξ
886 3161 1083 3228 deriventur.
1117 3161 1169 3228 En

76 3261 239 3346 pertinent
258 3265 401 3352 primurn
414 3263 575 3351 llesycbii
591 3264 722 3349 glossae
744 3263 867 3341 ἐνύιι,
891 3263 994 3330 ἔνδον·
1016 3265 1170 3340 Λάκωνες

76 3372 107 3424 et
127 3362 228 3440 ἕξει,
253 3364 330 3440 ἔξω·
352 3363 517 3440 Λάκωνες.
562 3363 652 3431 lllud
668 3387 709 3430 ex
722 3366 800 3430 ἐυτιῒ
814 3377 1002 3456 corruptum
1017 3365 1168 3448 videtur3

78 3463 247 3555 utriusque
264 3466 526 3532 terminationem
544 3467 713 3548 miramur,
738 3467 768 3531 si
789 3469 852 3548 uei,
876 3467 951 3532 eride
966 3479 1029 3534 ete.
1049 3469 1128 3555 jure
1150 3493 1169 3534 a

75 3561 238 3632 Laconica
261 3567 401 3635 dialecto
420 3567 526 3634 aliena
548 3579 712 3656 putantur.
743 3606 784 3620 -
820 3569 957 3636 'Deinde
979 3581 1107 3638 constat
1127 3571 1169 3636 de

77 3663 183 3734 ἔοδοι
203 3681 236 3735 et
256 3669 342 3747 ἕξοι
362 3669 449 3760 apud
465 3667 691 3758 Syracusanos
706 3675 733 3748 ⁴)
755 3693 815 3760 pro
837 3671 923 3738 ἔιδον
944 3682 977 3740 et
993 3671 1063 3752 ἔξω,
1087 3693 1168 3764 quu-

109 3943 137 4010 l)
171 3943 218 4001 Et.
238 3943 276 3998 Μ.
294 3945 363 4005 663,
380 3943 423 4000 38.
461 3940 487 3996 nl
503 3943 680 4018 Συρακούσιοι
704 3947 754 4006 ilua
777 3939 879 4014 λέγουσι
903 3976 936 3987 -
962 3947 994 4002 ‘td
1013 3949 1085 4004 ledor
1101 3946 1172 4002 dedet

78 4027 189 4093 λέγουσιν
213 4027 246 4090 ὃς
269 4027 345 4103 παρὰ
372 4029 514 4100 Geoaplap·
541 4032 611 4084 tadei
624 4031 768 4105 Πραξιιόα.
785 4063 819 4074 -
852 4033 979 4089 Eostetb·
997 4035 1062 4102 lto,
1082 4037 1116 4090 13
1139 4045 1167 4089 et

77 4112 146 4166 Anu.
163 4117 240 4170 Oxx.
259 4117 319 4184 tlt,
338 4120 405 4185 337,
423 4119 448 4172 Θ.
484 4113 568 4190 ἁρμοῖ
580 4119 765 4191 Συρακουσίου
789 4118 818 4175 i'r
840 4118 909 4173 aurel
931 4117 977 4174 abr
993 4119 1108 4186 τιχιιιὸο
1133 4151 1167 4164 -

78 4199 143 4254 κατὰ
164 4203 195 4255 τό
218 4206 263 4263 ltu
287 4203 341 4262 3ξοῖ
354 4205 399 4256 aul
415 4205 488 4260 iader
504 4205 575 4258 tadei
589 4203 666 4278 παρὰ
685 4205 822 4278 Θιοιιρίτιι.
859 4207 904 4262 De
921 4205 1081 4262 Siculorum
1099 4209 1166 4261 ladon

79 4283 133 4340 vid.
151 4287 173 4356 l.
195 4291 226 4346 tt
249 4299 306 4346 not.
325 4293 350 4346 1.
378 4318 412 4330 -
447 4291 497 4348 Gr.
515 4291 547 4346 0.
567 4293 619 4348 367
642 4291 713 4346 tedet
727 4291 862 4346 Doricum
885 4291 958 4348 dicit
979 4291 1164 4350 Tbeocritmn
