2844 4806
252 351 327 430 510
550 345 722 424 Addentle
747 362 783 420 et
807 343 1045 446 Corrigenda.

321 559 429 648 Pag.
454 557 515 625 108
545 557 569 622 Ι.
591 555 652 620 21.
705 551 843 618 Aeeetlit
875 555 1097 616 HEPMEIA
1139 549 1174 614 iu
1207 547 1358 638 antiquo

252 660 348 726 titulo
371 656 574 726 Coruueensi
597 653 743 738 inedito,
775 676 872 744 quem
894 651 962 718 vidi
984 650 1071 740 apud
1094 649 1319 716 Boeehhiu.

334 779 428 867 Pag.
453 777 514 844 100
535 774 605 840 iul
607 799 634 840 r.
678 751 802 840 Melus
831 774 865 838 io
895 771 1008 860 lapido
1028 793 1103 836 esse
1124 781 1268 836 testatur
1292 769 1357 836 Ul·

253 881 397 948 riehaius
418 903 451 968 p.
473 876 549 946 230.

335 1007 431 1096 Pag.
455 1003 528 1070 170.
573 1001 682 1068 Voees
705 1001 864 1090 digamma
890 1001 1068 1066 instructae
1099 1023 1117 1066 e
1145 1001 1245 1066 novis
1275 1002 1354 1066 ion·

251 1127 340 1194 tihus
360 1123 520 1192 accedunt
541 1123 624 1188 haer
656 1099 801 1186 Μ’σκων
821 1117 923 1186 Leelr.
949 1143 999 1184 ιιι.
1023 1121 1089 1204 333
1119 1123 1352 1195 FAon'noc

194 1277 199 1290 ,
252 1229 344 1296 Curi.
369 1251 420 1291 nr.
444 1225 485 1309 8,
508 1235 540 1289 el
561 1219 937 1302 ΡΑσιυμιιδόντιος
957 1221 1030 1288 Utr.
1055 1221 1186 1312 lum,
1218 1235 1351 1288 ulrum·

251 1353 315 1422 que
341 1323 600 1420 patronymicum
628 1335 660 1388 et
687 1322 728 1388 ad
755 1321 862 1387 Foiow
891 1321 1079 1411 pertinens3
1123 1325 1348 1404 Floropec,

250 1431 272 1495 i.
297 1454 327 1494 e.
350 1427 503 1493 arhitri
532 1436 568 1490 ut
589 1423 676 1514 aputl
697 1422 902 1506 Homerum,
944 1423 1146 1489 restituimus
1167 1425 1199 1488 iu
1220 1423 1351 1490 Lealrii

249 1529 344 1596 titulo
367 1525 587 1602 orchomenio
608 1551 658 1590 ιιι.
675 1525 717 1591 37
737 1525 762 1591 l.
777 1527 818 1592 12
837 1549 897 1616 pro
919 1531 1121 1591 ΕΙΣΓΟΡΕ
1142 1527 1175 1590 io
1196 1537 1348 1592 extrem

248 1653 364 1714 versu,
388 1653 486 1720 quum
509 1627 716 1720 magistratus
737 1639 793 1692 aut
813 1627 958 1694 muueris
980 1625 1156 1718 appellatio
1176 1625 1344 1692 desidere-

250 1745 325 1816 tur,
354 1743 390 1796 ut
414 1729 578 1806 σοῦνὸικος
606 1731 630 1796 1.
652 1731 695 1814 93
738 1729 1042 1816 Γιλαρχιόρτων
1063 1751 1136 1796 oum
1159 1728 1289 1794 Lealrio
1310 1729 1344 1793 ll

249 1861 299 1902 ur.
323 1833 362 1901 31
399 1856 459 1924 pro
489 1831 704 1918 ιίλαρχιόντωι
735 1853 785 1894 ur.
811 1831 894 1897 1588
928 1831 1165 1897 restituendum
1198 1843 1250 1897 est
1285 1831 1342 1911 (de

151 1935 156 1944 “
249 1935 339 2002 vocis
371 1937 433 2013 εἵλη
467 1935 627 2025 digamma
659 1933 702 1998 ei.
738 1929 953 1998 Tarentinum
985 1931 1214 2016 βιιλαρμόστας
1241 1931 1287 1998 L.
1309 1933 1341 1997 ll

272 2033 326 2102 ,0
367 2037 415 2103 4.

249 2039 269 2122 g
331 2033 423 2256 l'a)g.
450 2163 509 2230 171
547 2187 603 2228 nr.
627 2163 660 2230 2.
706 2161 911 2240 ἘπιΡάλτεις
946 2163 982 2230 in
1010 2164 1106 2234 tituto
1134 2161 1235 2230 Ptolo
1265 2162 1342 2230 Ulr.

248 2291 280 2356 p.
304 2265 388 2352 2473
432 2263 521 2330 vocis
542 2277 649 2330 temen
670 2265 769 2332 lectio
791 2265 947 2332 incertior
966 2290 1040 2334 esse
1061 2263 1194 2331 dieitur.

333 2393 424 2482 Pag.
450 2391 513 2458 172
540 2392 564 2458 1.
582 2392 613 2456 5.
658 2389 735 2458 Νοιι
754 2390 889 2469 duhito,
922 2391 1006 2482 quio
1027 2391 1144 2458 Boeoti
1170 2391 1271 2474 πέμπε
1294 2391 1343 2456 ti·
1411 2413 1412 2420 ¹

248 2493 372 2574 xoriut,
395 2515 580 2583 quanquam
603 2491 764 2558 δεκάπεντε
784 2517 803 2559 a
824 2493 949 2560 Loalio
972 2495 1091 2560 leetuua
1112 2505 1164 2560 est
1186 2491 1224 2560 iu
1242 2493 1344 2560 titulo

247 2595 493 2684 corruptissimo
515 2594 723 2662 Lehadoeusi
744 2594 778 2660 11
799 2619 851 2662 ur.
872 2595 915 2662 32
936 2595 992 2676 (C.
1015 2595 1043 2660 1.
1068 2594 1147 2662 1571
1173 2595 1197 2660 l.
1214 2595 1285 2676 14).

330 2764 370 2775 -
407 2721 432 2786 l.
458 2721 498 2788 19
529 2722 700 2808 γλάχων,
745 2735 781 2788 ut
812 2724 847 2790 iu
869 2723 945 2791 aliia
968 2721 1116 2791 dialectis
1142 2745 1203 2812 pro
1225 2721 1342 2789 Attico

245 2823 367 2909 βλὴχωι
388 2835 440 2890 est
459 2823 604 2890 tharu.
627 2826 703 2894 840.

329 2989 369 3002 -
405 2951 433 3016 1.
457 2953 497 3018 21
524 2949 701 3036 Ἕρμᾶἱὶιος
730 2975 780 3018 nr.
805 2953 888 3020 1503
917 2951 951 3018 iu
974 2953 1082 3044 lapide
1105 2975 1180 3020 esee
1200 2954 1340 3020 affirmat

246 3049 381 3116 Curtius
402 3051 427 3116 l.
450 3053 473 3117 l.
496 3077 530 3143 p.
549 3055 633 3132 108,
666 3075 774 3143 oeque
795 3066 903 3121 umen
925 3055 999 3122 ideo
1020 3077 1132 3122 verum
1155 3055 1338 3122 existimari

244 3161 373 3242 potest,
405 3153 463 3217 setl
481 3154 623 3246 lapicida
644 3155 774 3224 erravit.
827 3155 951 3226 Confer
971 3157 1060 3248 quod
1081 3157 1123 3225 tle
1143 3159 1336 3226 eonomine

245 3275 342 3342 supra
363 3251 506 3318 diximus
526 3255 568 3321 ad
588 3279 620 3346 p.
645 3259 677 3324 7.

325 3377 424 3467 Pap.
450 3379 511 3446 173
540 3381 594 3446 in.
640 3383 810 3452 Luciauus
831 3383 911 3451 Jud.
934 3385 1065 3454 Vooall.
1094 3409 1124 3453 e.
1147 3387 1171 3454 7
1201 3413 1262 3479 per
1284 3391 1334 3477 jo·

244 3501 317 3547 cum
339 3479 381 3545 ad
402 3480 636 3571 Lysimachum
658 3487 817 3554 eomieum
840 3486 995 3554 Βοιώτιοι
1016 3487 1050 3554 ri
1071 3489 1159 3572 γένος
1182 3489 1337 3558 ἀνέκαθεν

242 3593 373 3650 revocat
402 3609 420 3646 ι
447 3607 507 3673 puo
531 3609 550 3650 σ
578 3599 611 3651 et
630 3613 663 3651 π
690 3611 751 3678 pro
774 3613 815 3654 oo
842 3591 1062 3680 pronuntiata.
1129 3589 1336 3660 Contrariam

242 3683 453 3751 mutationem
474 3685 587 3754 statuit
607 3687 794 3757 Ulriehsiue
815 3689 832 3756 1
852 3713 886 3780 p.
904 3691 988 3770 1⁷4,
1021 3689 1080 3784 qui
1100 3715 1175 3758 eum
1197 3693 1335 3761 lluviour

243 3790 428 3870 Προβατῖαν
455 3811 558 3879 prope
586 3787 775 3870 lebedum,
800 3817 818 3860 a
844 3789 1073 3884 Theophrasto
1100 3793 1190 3860 Hist.
1222 3795 1332 3862 Plaut.

240 3885 302 3969 lV,
326 3887 364 3952 ll
397 3911 431 3977 p.
457 3891 519 3958 157
548 3889 650 3958 Sohu.
673 3906 958 3962 commemoratum
980 3919 1048 3961 uon
1070 3895 1239 3962 diversum
1261 3921 1334 3964 esse

239 4011 258 4055 a
283 3993 455 4074 Προβασία
485 3990 524 4056 C.
549 3992 577 4057 1.
607 4015 658 4057 ur.
684 3995 786 4080 1569,
809 4019 827 4062 e
848 3996 933 4062 heus
953 3997 1192 4080 intellexisset,
1230 3998 1331 4070 tidem

239 4089 351 4156 eodem
372 4102 518 4178 tempore
538 4092 622 4160 vidit
641 4093 770 4160 lioilius
791 4095 888 4186 Spso.
903 4098 1066 4168 ⁴(irretiret.
1089 4121 1123 4189 p.
1144 4099 1221 4180 112>
1247 4101 1331 4166 hare

238 4191 373 4258 turmam
407 4191 581 4260 Boeotioae
616 4194 754 4264 dialecto
789 4200 955 4290 propriam
990 4200 1146 4268 vindieat.
1210 4199 1328 4270 Nose
