2948 4816
279 407 372 485 las
681 407 738 482 Dc
761 405 958 482 vocalibus.
1050 405 1055 416 '

278 615 364 680 baud
385 613 591 702 ignorarent,
613 634 679 701 quo
700 611 854 678 rusticius
876 612 978 678 oratio
1000 621 1141 676 aouarct.
1187 609 1281 676 Adeo
1303 631 1372 674 cra·
1452 653 1453 668 r

277 715 378 780 dibile
400 723 469 796 est,
490 713 720 802 hyperdoricas
739 713 902 799 ejusmodi
923 715 1043 778 formas
1064 737 1104 779 eo
1125 725 1283 802 tempore,
1305 733 1371 800 quo
1452 783 1453 788 η

279 817 423 904 vulgaria
462 815 574 903 lingua
607 815 741 909 patriam
775 815 948 880 dialectum
980 815 1163 904 opprimere
1196 813 1371 902 coepisset,

280 917 425 1006 ipsorum
446 916 658 982 Doriensium
680 916 791 982 oribus
817 915 889 1006 ipso
910 915 1079 980 Atthidem
1100 914 1243 982 evitandi
1263 913 1372 979 studio

279 1031 450 1108 usurpatus
472 1039 544 1082 esse
559 1022 598 1093 2).
644 1015 740 1084 Unde
754 1019 874 1084 factum
889 1031 958 1100 est,
981 1028 1018 1081 ut
1032 1018 1126 1082 etism
1142 1015 1249 1100 tituli,
1271 1039 1372 1104 qnan-
1452 1077 1453 1090 ,

280 1142 375 1208 quam
397 1119 529 1208 puriore
551 1118 688 1184 dialecto
719 1119 766 1184 uti
790 1119 915 1202 solent,
950 1119 1107 1185 nonnulla
1138 1117 1211 1204 ejus
1240 1115 1372 1206 generis
1452 1199 1453 1212 χ

278 1219 476 1310 praebcant3
509 1221 709 1309 grammatici
736 1221 766 1297 si
792 1243 856 1310 qua
885 1222 1004 1286 similia
1025 1243 1086 1310 pro
1107 1217 1239 1284 Doricis
1261 1217 1373 1282 rendi·
1452 1251 1453 1322 p

161 1368 166 1390 .
278 1333 367 1405 tant,
400 1333 455 1386 aut
484 1345 503 1386 e
534 1321 640 1412 plebia
670 1346 726 1387 ore
757 1332 811 1386 aut
841 1347 859 1388 e
890 1323 1105 1412 scriptoribus
1135 1317 1372 1408 recentioribus
1452 1353 1453 1360 κ

278 1425 468 1488 hauserunt.
519 1421 602 1488 Utut
622 1435 691 1505 est,
724 1421 953 1489 Bucolicorum
983 1435 1016 1488 ct
1042 1420 1373 1508 Pseudo-Pythago·
1452 1401 1453 1486 l

279 1549 429 1610 reorum,
463 1522 521 1614 qui
548 1523 772 1614 hyperdoricis
801 1525 915 1590 formis
944 1535 1087 1608 scatent,
1120 1523 1155 1588 in
1181 1523 1243 1588 boc
1265 1521 1373 1610 capite
1452 1513 1453 1580 j

279 1626 392 1691 nullus
419 1648 499 1690 usus
524 1637 590 1702 cst,
627 1625 691 1691 nisi
719 1624 807 1715 quod
827 1625 995 1691 Theocriti
1016 1625 1134 1716 Idpllir
1155 1622 1373 1710 Αωρικῶτερα

136 1756 139 1766 ·
194 1715 198 1724 ’
278 1727 433 1808 (l-Xl.
467 1725 691 1792 xlll-xv.
720 1725 852 1806 xvlll)
885 1727 1071 1818 ubicunque
1100 1727 1233 1814 vulgare
1255 1753 1273 1802 η
1296 1747 1373 1789 cum
1452 1717 1453 1788 Ῑ

279 1827 459 1894 constantia
481 1827 618 1918 quadam
639 1818 798 1912 retinent3
834 1827 973 1917 aliquam
996 1830 1092 1894 fidem
1114 1837 1300 1912 merentur3
1336 1826 1372 1890 in

279 1933 364 1996 banc
385 1930 472 1994 enim
494 1939 618 2019 partem
639 1929 679 1994 ab
699 1929 771 2018 ipso
802 1937 898 2020 potiti
928 1931 1040 1995 minus
1056 1929 1185 1994 videtur
1203 1938 1373 2017 peecatum
1452 2015 1453 2018 Ἴ

278 2055 363 2096 esse.
387 2069 427 2082 --
460 2030 499 2096 ln
521 2030 729 2096 Archimedis
750 2031 866 2116 libris,
889 2042 926 2096 ut
945 2055 1033 2098 nunc
1055 2031 1228 2120 leguntur,
1251 2027 1372 2094 multae

277 2133 429 2224 vulgares
450 2131 573 2198 iormae
594 2141 691 2216 sunt,
721 2155 843 2222 paucae
865 2133 1110 2222 hyperdoricae.

362 2233 521 2320 Major‘cm
548 2232 645 2298 iidem
666 2233 801 2301 Pindari
828 2233 1025 2299 carminibus
1045 2233 1163 2299 babere
1183 2233 1279 2316 licet,
1312 2231 1373 2322 qui

278 2360 378 2426 quum
407 2335 562 2400 dialectos
589 2333 763 2418 Doricam,
795 2335 1002 2410 Leabiucam‚
1036 2333 1160 2424 epicam
1189 2333 1370 2419 miscuerit,
1452 2331 1453 2342 ’

277 2436 406 2516 omnia,
441 2457 653 2524 quaecunque
681 2441 701 2498 ἃ
728 2459 789 2525 pro
817 2465 836 2514 η
865 2436 1005 2521 babent,
1037 2433 1201 2502 cDoride
1221 2435 1372 2502 hausisse

278 2537 456 2604 existimari
476 2545 603 2626 potest,
625 2559 764 2626 quacum
774 2537 890 2603 Aeolis
911 2538 947 2603 in
968 2540 1030 2603 boc
1051 2537 1124 2603 loco
1144 2535 1229 2602 nibil
1249 2528 1369 2602 differi
1452 2593 1453 2606 ,

278 2637 502 2728 Hyperdorica
524 2659 631 2726 neque
652 2644 765 2728 poitae
787 2639 881 2706 aetati
902 2639 1100 2706 conveniunt
1119 2649 1171 2720 et,
1198 2637 1228 2702 si
1248 2661 1311 2726 qus
1333 2638 1370 2704 in

277 2739 372 2804 libris
393 2739 620 2828 reperiuntur,
654 2749 710 2805 aut
730 2739 856 2830 pridem
878 2740 1019 2806 librariis
1040 2741 1194 2831 imputata
1216 2749 1292 2804 sunt
1313 2753 1371 2804 aut

276 2839 394 2906 iisdem
415 2839 500 2904 inira
521 2839 781 2906 vindicabuntur.
836 2841 944 2931 Magis
964 2843 1111 2908 dubitare
1132 2842 1209 2907 licc‘t
1228 2865 1269 2905 on
1292 2841 1370 2906 sub-
1452 2879 1453 2882 κ

277 2940 354 3006 inde
375 2941 524 3007 lonicum
545 2969 565 3017 η
587 2964 627 3006 ex
648 2943 740 3032 epiea
763 2941 899 3008 dialecto
921 2944 1093 3034 asciverit²
1119 2967 1202 3033 quae
1223 2943 1370 3032 suspicio

275 3049 337 3108 n'ec
358 3065 473 3134 perse
496 3042 633 3108 absurda
655 3055 705 3110 est
726 3055 759 3110 et
779 3044 936 3134 exemplis
957 3045 1124 3111 nonnullis
1144 3045 1368 3128 confirmatur,

274 3143 332 3208 ubi
354 3167 433 3209 usus
455 3146 634 3210 constantia
652 3153 767 3234 potitae
785 3145 891 3236 ipsius
911 3171 1042 3212 manum
1063 3155 1230 3212 monstrat.
1280 3145 1369 3210 Rara

274 3255 381 3310 tamen
409 3255 487 3310 sunt
512 3245 609 3329 tolia,
645 3258 680 3311 nt
708 3271 773 3312 non
796 3247 932 3312 multum
955 3248 1091 3313 erraturi
1112 3247 1237 3329 simus,
1272 3245 1303 3311 si
1331 3273 1367 3324 η,

276 3345 463 3436 ubicunque
486 3369 508 3410 a
517 3347 660 3412 Pindaro
678 3361 824 3414 servatur
844 3373 951 3438 neque
971 3349 1101 3414 aliunde
1123 3347 1185 3414 alia
1205 3357 1369 3428 constent,

275 3445 394 3511 Doridi
427 3448 636 3514 ascribamus.
695 3449 909 3540 Reliquorum
940 3451 1114 3540 lyricorum
1146 3448 1302 3538 reliquiae
1335 3459 1371 3514 ct
1452 3443 1453 3452 ’

274 3547 510 3636 tragoediarum
533 3551 657 3616 cantica
677 3552 901 3642 hyperdoricis
930 3551 1120 3616 commentis
1142 3549 1304 3615 rarissime
1327 3547 1370 3614 li·

274 3649 478 3734 braciorum,
500 3652 631 3740 saepius
654 3652 811 3718 editorum
834 3677 931 3742 prava
953 3652 1122 3718 sedulitate
1144 3661 1256 3724 ornata
1276 3641 1397 3715 sunt.'

276 3749 319 3816 Et
341 3752 456 3816 borum
477 3753 608 3842 quidem
631 3755 795 3822 erroribus
816 3755 947 3820 silentio
968 3753 1166 3818 transmissis
1186 3750 1273 3818 haud
1294 3774 1371 3815 raro

309 4004 338 4069 2)
373 4001 625 4072 Nonalitereos,
662 4007 710 4074 qui
730 4008 843 4063 Sassico
861 3985 1004 4062 ¹idiomate
1022 4017 1150 4068 utuntur,
1185 4019 1258 4056 nunc
1283 4017 1371 4072 serpe

277 4087 489 4158 pronuntiantes
506 4089 651 4146 audiveris
673 4095 717 4148 det
736 4099 827 4150 Avens
846 4096 863 4149 i.
884 4113 908 4149 e.
926 4097 974 4148 dea
992 4093 1118 4156 Abrnda,
1146 4090 1245 4144 literae
1267 4105 1281 4142 s
1307 4103 1369 4142 tnu-

276 4173 381 4311 pepone
404 4173 515 4230 Sassit'r
540 4178 657 4234 analect
677 4180 870 4251 bypersassire
888 4181 922 4235 od
943 4178 1061 4246 genitivi
1081 4176 1300 4232 terminationem
1318 4173 1370 4226 ad-

297 4275 306 4312 ι
328 4272 375 4313 tta.
