2862 4808
277 366 355 444 tto
394 366 428 460 ς.
438 367 499 446 50.
518 369 576 442 De
585 365 737 443 Doridis
750 393 931 470 generum
944 383 981 444 et
996 368 1204 466 specierum
1219 368 1357 471 origiue.

276 571 365 638 thius
386 571 524 638 eolouos
545 572 714 664 aecqisse
735 583 859 642 eertum
881 581 944 642 est.
960 615 1002 628 -
1025 572 1152 640 Omnes
1166 583 1274 640 entem
1294 571 1359 638 illas

276 672 428 742 eivitstes
447 673 608 758 Dorieas,
642 701 780 766 queem
807 677 902 767 origo
929 676 971 742 ad
990 675 1139 766 Argives
1158 685 1214 740 sut
1234 674 1362 742 relertnr
1414 711 1415 768 p

277 787 334 842 ant
354 776 527 844 referenda
549 799 624 846 esse
644 778 794 858 videtur,
828 779 959 845 mitiore
979 777 1117 844 Doridis
1147 800 1268 866 genere
1295 797 1362 840 uses

277 901 353 946 esse
387 880 485 946 modo
517 903 560 946 ex
586 879 860 970 inscriptionibus
892 880 1063 968 eoguituaa
1090 879 1248 946 habenas
1274 877 1363 944 modo

276 981 441 1071 probelsili
462 981 652 1069 eonjeetnra
674 981 890 1074 assequimur.
935 982 987 1048 Ne
1000 981 1298 1072 Cretiees'qniden
1316 1003 1362 1046 ur·

274 1083 356 1168 hes,
386 1107 476 1174 quae
493 1085 712 1152 Althaemene
742 1085 826 1151 duee
853 1085 965 1174 paullo
993 1096 1067 1173 post
1090 1083 1293 1171 Megaridem
1318 1105 1363 1148 ea·

275 1195 365 1275 ptem
385 1185 642 1254 aDoriensilsns
656 1188 828 1274 Argolicis
849 1187 1002 1254 eonditae
1021 1209 1095 1253 esse
1112 1185 1276 1267 feruntur,
1295 1207 1364 1250 een

275 1287 445 1377 plerisque
468 1287 685 1356 Cretensibus
713 1291 860 1357 seuerius
886 1311 996 1380 genus
1021 1311 1192 1354 commune
1215 1287 1364 1354 lsabnisse

274 1399 401 1454 eertum
416 1399 477 1456 est.
522 1389 639 1480 Neque
660 1391 748 1458 enisu
770 1392 904 1460 disertis
925 1387 1123 1458 metuentis
1141 1401 1288 1472 eonstat,
1311 1388 1364 1478 qui

277 1490 484 1558 Cretensium
506 1495 666 1583 Argiuam
686 1493 849 1584 originem
866 1493 1083 1580 jaetnverint,
1105 1504 1139 1559 et
1153 1490 1364 1580 Polyrrlsenia

273 1605 373 1683 etque
394 1593 528 1685 Lappa,
562 1619 645 1686 qnae
667 1598 787 1687 oppidu
809 1595 977 1664 Dueelsius
1006 1595 1040 1660 ll
1067 1620 1102 1684 p.
1124 1595 1198 1662 438.
1222 1593 1287 1660 440
1307 1591 1362 1658 Al·

273 1696 440 1762 tlsaesneni
461 1697 624 1764 conditori
645 1699 814 1766 vindicare
834 1697 981 1782 studuit,
1002 1697 1144 1765 fortusse
1155 1695 1285 1764 nsitiere
1299 1695 1363 1762 Do·

273 1797 346 1866 ride
366 1800 543 1868 utebantur
563 1800 630 1868 vid.
651 1801 687 1886 δ.
708 1803 773 1887 49,
795 1803 829 1868 4.
1415 1793 1416 1822 ’

356 1997 599 2068 Messeniorum
620 2021 685 2066 nee
705 1999 814 2066 minus
827 1997 1069 2068 llesssuiornrn
1088 1999 1126 2066 in
1144 1999 1260 2066 Sieilia
1277 1998 1364 2066 tituli

273 2097 434 2167 Doridem
456 2101 620 2170 mitiorem
643 2101 817 2188 exhibent,
841 2103 900 2170 sed
917 2102 957 2168 de
976 2103 1120 2192 μααίαα
1140 2102 1274 2170 illoram
1299 2101 1365 2168 dia·

272 2202 359 2270 testo
378 2203 563 2292 paullulum
586 2203 730 2270 dubitari
744 2227 841 2294 posse
857 2203 1085 2272 indieasimus.
1130 2205 1363 2293 Spartanorum

270 2303 420 2372 severior
439 2306 542 2374 Doris
573 2319 626 2374 est
651 2319 685 2375 et
712 2307 825 2374 eadem
851 2307 887 2374 iu
910 2307 1007 2374 Crete
1029 2306 1237 2388 dominetur,
1268 2329 1364 2397 quau

271 2409 385 2497 paullo
405 2419 481 2498 post
501 2409 699 2478 Leeonieam
719 2409 972 2478 aDorieusilsus
994 2421 1119 2498 septam
1141 2408 1267 2474 insulas
1291 2407 1365 2474 iude

270 2509 442 2599 aeeepisse
468 2524 618 2591 narrant,
651 2512 854 2597 Dorienses,
886 2513 1020 2601 llliuyss
1050 2521 1083 2578 et
1113 2511 1265 2576 Achaeos
1299 2510 1361 2576 vid·
1416 2545 1417 2592 p

271 2611 400 2680 lineet.
424 2613 457 2680 ll
478 2639 512 2704 p.
534 2617 609 2684 418.
654 2613 838 2706 Praecipue
860 2615 1001 2703 Lyetnsu
1021 2637 1041 2679 a
1062 2613 1231 2703 Spartsnis
1252 2611 1365 2679 eondi-
1416 2635 1417 2650 ¹

271 2725 337 2780 tam
365 2737 439 2780 esse
468 2717 643 2784 affirmatur
670 2717 697 2784 l.
719 2717 744 2784 l.
773 2741 808 2807 p.
830 2717 916 2802 431,
948 2729 981 2782 et
1016 2715 1212 2806 oppidorum
1233 2715 1364 2782 nomina

268 2817 357 2882 lsaud
380 2841 483 2908 psuea
503 2817 688 2886 Leeonieae
709 2831 741 2886 et
763 2817 880 2884 Cretae
908 2817 1111 2900 eommunia,
1143 2817 1364 2882 institutorum

268 2927 452 2985 elmerum
475 2920 618 3011 insignis
645 2921 849 3004 similitudo,
881 2917 946 2984 alis
965 2919 1067 2984 multa
1088 2917 1259 2984 eretioresn
1280 2918 1364 2984 iuter

268 3019 423 3088 Laeoues
445 3033 478 3089 et
500 3027 677 3092 Cretenses
699 3023 929 3112 cognationem
949 3031 1102 3109 signum.
1124 3055 1166 3070 -·
1187 3020 1236 3084 As
1256 3020 1363 3086 llelus

211 3181 218 3191 .
267 3133 305 3189 et
327 3121 457 3210 There,
485 3149 622 3215 querum
642 3124 679 3190 iu
700 3124 808 3192 titulis
829 3123 942 3190 mitior
961 3122 1062 3189 Doris
1082 3135 1237 3212 apparet,
1267 3121 1363 3212 Sper·

270 3237 421 3292 tenorum
443 3251 479 3293 se
499 3225 645 3292 colonias
667 3249 740 3294 esse
761 3249 828 3292 nou
848 3227 953 3293 multo
973 3236 1048 3315 post
1068 3225 1221 3290 Dorieon
1243 3225 1363 3314 nigra-

226 3381 230 3391 .
270 3327 393 3394 tionem
414 3328 562 3396 eonditee
579 3329 758 3416 jactabant.
802 3323 911 3396 Erunt
926 3327 983 3419 qui
997 3327 1192 3392 severiorem
1205 3325 1363 3392 Doridem

271 3429 313 3496 els
333 3431 386 3498 leis
409 3431 598 3500 derelictam
627 3455 701 3498 esse
723 3431 928 3515 existiment,
959 3429 1152 3520 praesertim
1172 3451 1276 3517 quesn
1298 3425 1362 3514 cy-

270 3531 404 3620 renaei,
437 3533 661 3602 Theraeorusn
690 3533 821 3612 uoloni,
854 3533 913 3600 illa
943 3532 998 3598 usi
1027 3530 1104 3597 siut.
1158 3528 1302 3596 Nosmet
1326 3549 1363 3592 eo

171 3695 176 3704 .
271 3635 382 3702 miuus
410 3637 595 3722 eredimus,
630 3637 718 3726 quod
745 3637 968 3704 'l'lseraeorssm
994 3633 1109 3722 lingue
1133 3641 1261 3696 tantum
1291 3653 1361 3721 pro·

272 3739 421 3830 prietatis
433 3739 548 3824 lslset,
572 3750 609 3804 ut
629 3737 670 3804 ab
692 3739 758 3804 elio
778 3739 902 3828 populo
921 3735 1015 3801 nullo
1038 3743 1168 3824 aeeepte
1189 3755 1265 3798 esse
1289 3753 1362 3821 poe·

272 3843 328 3910 sit.
372 3841 491 3932 Neque
518 3851 570 3907 est
598 3863 658 3905 eur
679 3839 792 3907 Meliis
823 3849 855 3906 et
874 3839 1035 3904 Ther-aeis
1056 3835 1234 3928 antiquitus
1256 3832 1362 3898 mitio·

272 3967 341 4011 rens
361 3941 522 4010 Doridem
542 3943 735 4010 familiarem
757 3942 864 4011 luisse
886 3963 1057 4030 negemus.
1106 3938 1253 4026 Utroque
1275 3933 1362 4000 enirn

272 4045 491 4112 coloniense
513 4045 554 4114 als
575 4045 659 4134 ipsis
680 4044 853 4134 Spertsuis
872 4043 1002 4110 uendite
1031 4052 1100 4123 est,
1132 4041 1163 4104 si
1190 4035 1361 4102 audiamus

272 4147 490 4216 recuratiores
509 4143 744 4233 narrationes,
777 4147 835 4214 sed
864 4143 1029 4234 edlinpis
1053 4153 1087 4209 et
1106 4139 1269 4222 Achaeis,
1303 4135 1361 4226 qui
