2890 4812
339 411 371 504 §.
394 413 454 490 43.
503 411 559 486 De
578 409 913 510 praepositionibus.
1100 411 1175 489 353

58 615 268 684 Boccltlaios
290 617 414 694 συνεῖκη
438 638 504 681 uou
526 625 614 682 recte
636 615 671 682 in
687 618 842 694 συνενεΙκη
855 625 997 682 muussc
1013 615 1173 693 ridentum

57 717 162 784 nilril
185 718 377 784 mutandum
398 739 473 784 csse
496 741 594 807 auprr
616 717 790 786 docuimus
811 741 839 784 s.
863 743 895 783 v.
920 723 989 782 ἵκω.
1011 751 1054 766 -
1081 717 1172 784 Peri.

58 818 174 904 subj.
205 815 366 904 iniveypco
394 817 609 902 Archimed,
649 843 724 884 nrm
757 843 848 887 mero
881 817 1061 909 splralmatc
1088 819 1175 908 apud

60 919 222 988 eundem
243 919 420 1010 aliquoties
441 917 731 1008 reduplicationem
754 920 861 986 omitti
876 944 974 1012 supra
988 919 1176 986 momrimus

60 1026 100 1108 ἓ.
128 1021 197 1106 35,
219 1022 253 1088 2.
689 1081 692 1088 .

164 1123 333 1208 φθαίρω
355 1119 514 1190 Doricum
544 1145 620 1190 esse
646 1123 788 1212 refertur
818 1145 879 1211 pro
900 1127 1025 1209 φθείρω
1046 1123 1114 1188 rid.
1138 1124 1172 1206 ἕ.

61 1227 138 1310 22,
167 1225 213 1309 53
235 1225 317 1290 Aor.
342 1223 375 1288 ll
396 1247 430 1311 p.
456 1227 673 1308 καταφθαρείς
692 1221 812 1312 Epicla.
837 1223 889 1292 19.

164 1323 367 1410 (χάσκω),
396 1325 490 1392 Peri.
515 1325 630 1411 κε’χανα
651 1325 773 1416 Seplar.
797 1327 849 1392 51.

162 1427 258 1512 χέω,
279 1425 362 1492 Aer.
388 1425 405 1490 1
426 1428 532 1513 ἐγχέας
553 1426 673 1518 Epich.
697 1426 750 1492 111.

165 1535 289 1594 ΧΡΕ.
334 1523 446 1612 Hujus
476 1527 588 1616 stirpis
620 1529 700 1595 lraec
731 1527 964 1598 inclinamenta
994 1530 1100 1600 verice
1130 1535 1174 1599 si·

60 1629 300 1723 gnificationis
322 1629 551 1717 reperiunturc
654 1673 656 1678 -

163 1732 199 1810 a)
242 1727 324 1815 χρή,
346 1741 550 1820 oportet,
582 1753 679 1820 quam
700 1753 814 1798 vocem
835 1728 878 1796 alr
899 1728 994 1797 initio
1015 1755 1081 1796 nou
1103 1757 1174 1802 cer·

61 1837 156 1902 bom
180 1854 272 1909 esse,
304 1831 365 1897 sed
384 1832 645 1914 substantivum,
678 1831 757 1898 olim
781 1830 951 1899 docuimus
971 1831 1007 1898 iu
1029 1833 1110 1902 diss.
1132 1837 1174 1902 de

62 1933 168 2020 conj.
194 1931 230 1996 iu
252 1957 287 2014 μι
313 1957 348 2022 p.
371 1933 434 2016 28,
466 1933 590 2023 legitur
610 1931 730 2021 Epich.
756 1933 829 1998 122.
855 1931 927 1998 131.
953 1933 1034 2018 133,
1066 1959 1173 2025 usque

62 2037 184 2104 ullum
208 2031 299 2098 aliud
322 2034 395 2120 ejus
418 2033 698 2102 inclinameutum.

164 2131 205 2218 b)
247 2139 378 2221 χρῆσθα
398 2135 544 2202 Aclrarn.
562 2137 627 2204 744
646 2159 706 2225 pro
726 2133 853 2223 χρῄζεις
871 2135 993 2202 dictum
1016 2131 1111 2220 csse,
1132 2139 1174 2207 dc

63 2261 142 2332 quo
174 2258 292 2302 vocum
318 2241 399 2326 χρῇς
427 2247 459 2302 ct
487 2241 551 2326 χρῇ
579 2261 640 2302 usu
668 2236 862 2304 Dindorlius
891 2237 975 2302 dixit
1000 2238 1042 2304 ad
1068 2237 1170 2330 Soplr.

61 2337 198 2426 Antip.
223 2335 299 2421 887,
328 2337 513 2405 rectissime
536 2338 701 2427 Bargldus
723 2336 887 2405 intellexit
907 2339 976 2404 vid.
998 2343 1031 2426 §.
1053 2342 1116 2427 24,
1138 2346 1171 2412 1.

63 2440 209 2510 Eodem
230 2463 331 2506 sensu
351 2437 457 2528 χρῄζω
479 2441 532 2508 vel
554 2441 661 2526 χρήζω
683 2450 861 2530 usurpatur
880 2439 945 2506 vid.
969 2435 1001 2530 ᾖ.
1022 2443 1084 2526 22,
1106 2446 1140 2513 7.

163 2537 200 2626 c)
242 2543 448 2626 χρῆσθαι,
474 2541 546 2624 nti,
570 2543 605 2608 iu
622 2541 674 2607 lois
690 2539 805 2607 formis
819 2542 996 2631 reperiturc
1020 2543 1171 2634 lmpcrrt.

62 2644 233 2733 χρήσθω
256 2641 345 2708 Crel.
368 2641 538 2725 2556,115
569 2643 992 2728 ο1καταχρε1σθω11111011.
1015 2645 1112 2729 2525,
1135 2647 1169 2712 11.

61 2749 134 2832 863
171 2743 239 2810 lul.
262 2747 408 2828 χρῆσθαι
430 2743 564 2810 Heracl.
589 2743 642 2821 ll,
664 2743 729 2828 663
755 2743 881 2810 Partic.
904 2743 1059 2830 χρήμενος
1079 2746 1171 2815 Cret.

62 2847 187 2927 2554,
210 2845 263 2910 ot.
307 2843 413 2914 Vides
443 2843 557 2910 ultima
584 2845 688 2910 forma
718 2853 872 2933 excepte,
906 2867 990 2936 quac
1019 2845 1054 2912 in
1074 2848 1172 2918 titulo

61 2943 326 3035 corruptissimo
354 2969 468 3034 parum
496 2944 573 3012 fidei
603 2943 719 3026 lralrct,
751 2945 894 3034 reliquas
922 2971 940 3014 a
968 2950 1100 3033 χρῶμαι
1128 2949 1173 3017 ita

62 3045 300 3128 descendere,
324 3058 359 3112 ut
382 3045 527 3112 severior
541 3041 644 3114 Doris
667 3071 696 3112 εε
718 3047 752 3110 in
771 3075 789 3124 η
812 3047 1040 3135 conjunxerit,
1061 3050 1173 3118 mitior

63 3155 103 3220 in
130 3175 180 3228 ec,
207 3149 251 3214 11.
275 3147 308 3232 ἕ.
332 3147 393 3230 38,
416 3147 448 3212 4.
474 3183 515 3196 -
547 3147 631 3216 Aor-
654 3147 670 3214 1
693 3172 726 3238 p.
750 3147 971 3233 κατεχρὴσθην
991 3151 1015 3216 1.
1039 3175 1070 3217 c.
1095 3176 1170 3219 usu

64 3248 241 3324 confici
262 3249 338 3338 plus
360 3247 463 3314 semel
485 3249 645 3336 repetitur
665 3248 700 3314 iu
725 3248 860 3338 Corcyr.
886 3251 981 3323 1845.

162 3353 202 3430 d)
245 3350 408 3436 ἀποχρέω,
433 3349 634 3432 sufficio,
655 3350 776 3438 Epiclr.
795 3353 869 3418 114.

160 3451 318 3522 Derivata
339 3453 439 3540 lrojos
458 3451 577 3520 radicis
598 3451 634 3518 ln
656 3451 800 3540 genuina
821 3451 947 3520 Doride
969 3481 989 3533 η
1010 3454 1095 3522 tueri
1117 3477 1170 3522 su·

66 3583 130 3650 prs
156 3553 330 3621 docuimus
350 3556 383 3640 §.
407 3553 470 3636 19,
494 3553 527 3620 3.

565 3771 598 3856 s.
624 3772 678 3840 13.

260 3897 267 3914 ’
410 3925 471 3980 lte
490 3925 841 3993 ‚usmarus-asan.

163 4073 201 4162 1)
245 4073 291 4144 111
312 4073 347 4142 in
361 4073 509 4143 Aeolicis
531 4073 699 4152 dialectis,
719 4073 763 4140 its
785 4071 822 4138 in
843 4071 1026 4164 antiquiore
1044 4073 1171 4144 Doride

68 4198 247 4268 apocopen
268 4177 436 4266 patiuntur
455 4175 715 4266 praepositiones
736 4173 842 4258 παρά,
875 4172 954 4250 ἀνά,
977 4175 1076 4255 κατά,
1105 4201 1171 4267 qno

70 4277 205 4344 accedit
226 4277 388 4344 Doricum
414 4277 487 4342 noel
511 4299 572 4366 pro
598 4275 691 4362 πρός.
744 4276 893 4344 Primum
919 4275 1034 4346 titulos
1061 4277 1171 4366 perlu-

112 4407 163 4472 11.
928 4401 971 4470 23
