3342 4822
256 409 288 502 §-
311 411 371 489 33.
425 413 482 486 Do
505 409 655 508 reliquie
681 407 968 507 pronominibus.
1005 407 1009 416 ’
1090 385 1164 487 '271

70 643 175 702 nem,
209 641 309 708 quesn
337 615 708 706 grsuroeticilloribus
736 615 771 690 in
794 615 981 686 universnm
1004 617 1165 702 tribuunt,

69 721 246 788 severioris
267 732 355 788 certe
376 719 515 787 Doridis
537 717 641 786 fnisse
662 729 785 787 certum
808 727 869 787 est.
913 718 996 789 Nem
1012 721 1167 792 Alcmsui

70 823 109 888 t'r.
133 821 178 890 64
198 822 290 904 (66),
317 845 504 912 quanqum
527 833 560 888 et
580 821 751 910 Apollonii
772 821 876 888 codex
896 832 929 886 ct
950 822 1166 912 Hephaestio·

68 925 119 990 nis
142 949 179 1015 p.
203 925 224 992 3
243 923 322 993 libri
344 926 445 1000 κεῖνος
467 922 641 1006 exhibent,
665 923 750 1008 ‘jure
780 927 875 1000 νῆνος
903 923 1065 990 reddituro
1088 922 1185 994 'esse'

68 1027 220 1110 videtur,
243 1027 320 1118 quis
339 1025 541 1116 Apollonius
562 1025 645 1108 (vid.
670 1038 736 1092 not.
761 1023 798 1110 4)
820 1036 896 1114 post
915 1029 1005 1102 τῆνος
1026 1045 1165 1094 consenc·

67 1139 227 1194 moretum
254 1128 383 1218 pergite
426 1131 562 1201 σπανίως
584 1125 636 1192 deri
659 1131 713 1192 τοῦ
736 1127 775 1203 οἱ,
810 1137 842 1192 cl
868 1127 955 1197 illem
977 1127 1013 1195 ln
1036 1127 1166 1196 Cretica

67 1231 209 1328 dislecto
242 1233 345 1298 luisse
376 1241 511 1322 apparet
541 1252 560 1296 e
594 1227 716 1318 glossis
746 1229 967 1318 Hesycbisnis
996 1229 1165 1311 νηρούιι

66 1331 150 1424 (leg.
165 1329 307 1418 νηνούει)
323 1333 403 1398 lusi·
425 1335 548 1415 Κρῆτες
561 1371 604 1384 --
619 1330 795 1408 κηνούει,
820 1331 884 1396 ἐκεῖ
896 1368 938 1382 --
950 1335 1065 1408 need,
1089 1333 1164 1398 ἐκεῖ.

65 1433 210 1502 Accedit
220 1435 403 1502 Lesbiecee
424 1433 555 1503 disiecti
574 1433 735 1521 snclogie.
764 1433 871 1500 Velde
893 1421 1008 1502 contre¹
1029 1433 1165 1508 dubium

65 1549 136 1621 est,
174 1549 307 1604 rectene
329 1535 414 1602 idern
439 1539 537 1613 τῆνος
558 1533 681 1602 mitiori
702 1534 821 1603 Doridi
852 1535 1028 1616 tribuetur,
1062 1557 1164 1624 quru-

64 1663 162 1729 qoem
198 1631 669 1718 insnn.0u.1,249‚o
700 1634 784 1722 (vid.
806 1649 874 1704 not.
898 1636 933 1717 6)
967 1635 1166 1724 Syracusani

63 1746 162 1818 τῆνος
196 1751 229 1808 et
259 1745 351 1818 τῆνος
379 1739 504 1812 dixisse
532 1740 720 1804 referuntur
751 1737 826 1818 (ubi
858 1763 925 1804 uon
955 1739 1034 1806 licet
1064 1742 1165 1816 seluce

64 1843 235 1926 scribere,
258 1843 336 1931 quie
357 1839 526 1908 sDorieis
547 1838 662 1906 lorneis
683 1840 941 1924 demonstretur,
964 1842 1065 1930 vulgo
1087 1843 1166 1909 ἐνεῖ-

63 1969 117 2020 ιος
140 1943 355 2012 scribendum
386 1965 478 2020 esse,
514 1961 581 2008 non
609 1943 735 2024 lnivoc).
790 1941 875 2010 Nun
904 1951 937 2008 ct
963 1943 1165 2032 reliquorum

62 2044 239 2135 conlegis,
263 2045 303 2112 de
325 2041 448 2135 quibus
472 2043 683 2134 exposuimus
705 2067 802 2133 repre
824 2043 857 2127 5.
872 2043 933 2121 2⁰,
957 2045 1078 2110 mitiori
1097 2044 1164 2111 Do·

62 2147 126 2212 ridi
148 2148 251 2222 ιιιῒνος
271 2147 409 2214 concedi
424 2146 542 2233 jobet,
564 2146 665 2236 idque
681 2147 790 2236 ipsum
806 2145 961 2213 traditum
977 2156 1029 2211 est
1044 2145 1162 2236 Epicb.

59 2249 103 2316 tt
138 2259 177 2314 ct
203 2248 326 2338 ubique
354 2249 442 2338 spud
463 2247 641 2316 Pindarum
675 2247 756 2324 (sid.
781 2247 924 2314 lloeclxb.
948 2247 1039 2316 Nott.
1064 2247 1163 2314 Critt.

60 2375 93 2442 p.
122 2349 227 2432 366),
262 2351 359 2438 cujus
387 2350 564 2418 suctoritss
591 2351 652 2416 bec
680 2351 715 2416 in
744 2375 780 2418 re
807 2373 874 2418 non
896 2351 1079 2440 spernenda
1101 2362 1162 2416 est.

59 2451 180 2538 Qunrn
204 2451 291 2518 enim
315 2475 423 2543 neque
444 2451 569 2542 epicum
591 2452 767 2521 dislecturn
791 2463 949 2544 sequutus
980 2451 1045 2534 sit,
1080 2475 1164 2542 quse

59 2557 186 2627 ἐκεῖνος
213 2565 246 2620 et
275 2557 377 2630 ιινῐνος
408 2554 594 2644 promiscue
626 2555 773 2646 profert,
817 2578 925 2643 neque
955 2553 1163 2638 Lesbiccsm,

57 2682 148 2749 quse
183 2660 298 2736 τῆνος,
333 2655 475 2738 mitioris
495 2655 632 2722 Doridis
659 2656 929 2724 consuetudinem
962 2657 1165 2752 expressisse

57 2761 207 2826 videtur.
253 2758 368 2850 tuque
390 2759 425 2830 in
442 2758 644 2846 grummetiei
665 2757 851 2824 testimonio
872 2759 932 2824 illo
947 2759 1165 2848 corruptelam

57 2863 212 2952 eliquans
232 2859 334 2926 lsterc
355 2860 551 2928 arbitremur
571 2871 604 2926 et
624 2859 861 2928 restituendum
894 2883 968 2928 esse
997 2871 1053 2926 snt
1072 2865 1164 2938 τῆνος

55 2963 120 3051 γὰρ
144 2963 182 3030 τὰ
205 2965 306 3036 ιιιῖνος
333 2962 551 3046 Συρακούσιοι
578 2973 655 3039 ent,
700 2961 735 3028 id
767 2963 856 3052 quod
884 2963 987 3030 altero
1017 2963 1165 3050 ejusdem

57 3066 142 3134 libri
167 3066 245 3134 loco
273 3087 307 3153 p.
331 3065 414 3147 223,
438 3063 480 3130 30
506 3059 590 3148 (vid.
614 3069 683 3130 notss
706 3066 743 3144 l)
774 3065 1036 3130 commendatore
1072 3069 1165 3142 τῆνος

54 3168 119 3254 γὰρ
153 3165 374 3247 Συρακούσιοι
401 3169 455 3230 sel
486 3169 580 3242 τῆνος
601 3168 740 3242 Αἰολεῖς.
794 3166 897 3255 Apud
930 3165 1163 3256 Epicbsrnsusn
1208 3225 1211 3234 .

57 3273 100 3336 lr.
127 3269 196 3352 ⁴8,
226 3267 283 3334 ubi
305 3269 385 3334 boni
407 3267 486 3336 libri
508 3293 643 3346 ιηννον,
678 3267 712 3332 in
734 3268 808 3336 loco
829 3267 1075 3358 corruptissimo
1097 3269 1163 3338 lor-

55 3385 149 3439 txssc
184 3393 246 3436 nec
279 3376 375 3448 κῆνον
404 3393 466 3436 nee
500 3371 600 3436 κεῖνον
631 3393 744 3436 verum
777 3381 837 3439 est.
895 3368 1048 3438 Ceterum
1081 3373 1164 3436 ιιιῐνο

55 3475 189 3566 Epicb.
207 3473 260 3551 94,
282 3473 325 3542 12
344 3473 379 3540 in
400 3477 474 3550 τῆνο
495 3469 613 3538 mutari
635 3493 676 3536 ne
700 3493 817 3540 sensus
839 3471 972 3564 quidem
991 3471 1162 3562 permittit,

53 3599 166 3668 quum
189 3595 267 3640 vere
285 3571 501 3663 longinquum
522 3573 830 3643 demonstrationem
852 3573 990 3642 brbcrtc
1034 3573 1162 3657 illud,

54 3677 176 3770 qnod
198 3687 321 3742 entes
343 3677 440 3742 tuis.
496 3674 525 3740 E
549 3674 717 3754 Theocriti
740 3675 941 3746 carminibus
963 3676 1069 3766 turgis
1090 3673 1163 3741 Do-

53 3779 142 3846 ricis
168 3779 269 3853 ιιεῒιος
292 3799 380 3842 nunc
404 3778 596 3868 propulsum
618 3788 688 3859 est,
726 3777 766 3842 de
788 3799 851 3866 qus
872 3800 908 3844 re
930 3777 996 3846 clio
1017 3788 1162 3865 tempore
1234 3779 1240 3786 ’

53 3881 226 3958 dicemus.
273 3878 345 3945 lloc
367 3879 510 3946 libenter
525 3877 754 3962 concedimus,
777 3877 940 3968 frequenti
957 3876 1162 3968 pronominis

52 3987 157 4060 τῆνος
180 3979 266 4068 spud
290 3979 421 4046 Siculos
443 3979 650 4070 potissimu-
673 4005 734 4046 usu
765 3981 885 4047 lectum
907 4003 1000 4063 esse,
1034 3989 1070 4044 nt
1098 3981 1163 4044 τιεῖ-

52 4111 133 4160 νος,
185 4082 282 4167 enjus
312 4082 347 4146 in
377 4081 485 4148 locum
517 4082 603 4148 baud
628 4105 701 4146 rsro
732 4081 814 4148 illud
846 4081 1001 4148 substitui
1023 4072 1161 4170 poteret,

52 4181 306 4276 quodammodo
335 4181 567 4252 obsolesceret.
622 4183 674 4248 Ex
694 4183 804 4250 Attice
836 4183 975 4250 dialecto
997 4191 1162 4274 sumptum

54 4287 196 4352 ridetur
216 4283 308 4351 rosir'¹
325 4287 426 4350 ἐκεῖνο
447 4283 593 4350 Acheru.
616 4284 690 4352 786.
