2844 4806
379 413 438 488 Ad
461 413 624 490 Librum
649 411 871 492 Secundum.
1101 417 1179 500 568

70 616 190 700 νομοὺς
217 617 262 684 cl.
284 615 408 685 Jacobs
435 611 526 686 Nott.
551 618 649 686 criu.
682 645 716 710 p.
738 619 813 689 418.
879 620 931 688 Eo
953 644 1031 688 vero
1052 625 1176 711 majore

63 721 150 808 jure
172 731 346 810 utrumque
368 721 596 810 homonymiae
617 745 724 812 genus
745 733 976 813 compar-stur,
1005 725 1095 816 qnod
1117 746 1175 794 no·

69 821 165 890 mins
190 823 226 889 in
248 827 326 901 κλῆς
352 823 441 914 apud
462 824 643 892 Homerum
664 835 698 892 et
718 824 754 890 iu
778 825 935 894 Boeotico
955 827 1097 895 dialecto
1120 830 1176 896 de·

70 924 255 993 clinatione
281 925 472 992 nominibus
500 927 535 992 in
558 951 609 1002 εας
635 925 803 994 simillima
832 939 932 1014 sunt,
967 931 1176 1022 qnemnduro·

71 1027 154 1094 dum
174 1027 362 1114 Ἡρακλῆος
390 1041 424 1095 ct
444 1028 600 1096 Boeoti-ce
621 1031 788 1106 Δοοκλεῐος
816 1039 854 1096 ut
880 1036 1046 1109 Θεοπιεῖος
1072 1058 1091 1101 a
1117 1041 1177 1102 Θε-

72 1128 196 1206 σπιεύς.
232 1129 430 1222 Quanquam
450 1131 517 1222 ipsi
530 1131 733 1200 'nominativi
755 1155 923 1224 nunqnam
945 1130 982 1200 in
1003 1135 1093 1212 κλεύς
1113 1147 1176 1204 ter·

68 1232 191 1300 minati
214 1255 289 1300 esse
309 1230 485 1321 ‘videntur3
520 1255 596 1300 nom
620 1233 847 1319 Hoeooatuio,
869 1235 959 1324 quod
981 1236 1107 1326 Papius
1129 1239 1178 1306 al·

68 1335 140 1400 l'ert
161 1359 179 1401 e
201 1335 299 1402 Plsot.
318 1335 408 1404 Bibl.
432 1335 507 1404 cod.
520 1335 582 1402 167
603 1357 679 1402 cunr
699 1337 788 1402 vania
809 1335 953 1404 lectione
971 1345 1174 1422 Πατροκλῆς,

68 1435 131 1504 vix
154 1437 264 1504 verius
286 1449 337 1506 est
359 1459 455 1530 quana
484 1439 520 1504 in
547 1438 733 1528 fragmento
753 1437 816 1504 illo
838 1437 1036 1524 Plutarolrco
1058 1453 1091 1508 et
1110 1445 1177 1512 lor·

69 1549 163 1604 tasse
195 1561 236 1606 ex
268 1541 382 1608 eedem
416 1540 561 1630 genuine
592 1541 697 1606 torma
731 1542 937 1624 Πατροκλέας
974 1559 1175 1635 corruptum.

69 1639 172 1726 «λκιο,
209 1641 238 1709 si
261 1637 419 1724 lisseium
441 1639 593 1706 audimus
615 1633 721 1705 lusor.
744 1639 791 1704 11.
819 1661 854 1728 p.
877 1641 940 1724 to,
970 1645 1043 1730 ejus
1065 1649 1177 1716 homo.

69 1741 205 1834 nymise
226 1743 321 1831 origo
343 1743 384 1808 ab
406 1742 491 1832 ipsis
509 1739 662 1831 Pelasgis
683 1741 860 1830 repetenda
882 1751 953 1820 cut,
976 1767 1061 1838 qnos
1078 1771 1176 1841 nepe
1218 1797 1222 1804 ,

69 1845 124 1928 (id
147 1845 236 1934 quod
257 1843 411 1910 hodierni
432 1842 552 1909 Graeci
573 1843 682 1908 lacere
703 1841 813 1908 solent
833 1853 871 1909 ut
893 1843 911 1910 ὁ
932 1843 1112 1926 Κύκλωπας
1122 1897 1134 1928 ,
1158 1853 1176 1918 o'

67 1945 225 2031 πατέρας)
256 1947 478 2014 accusativum
506 1944 667 2034 pluralem
689 1943 947 2012 masculinorum
970 1946 1005 2014 in
1027 1951 1176 2018 nomina·

68 2050 179 2115 tivum
200 2047 401 2140 singularem
424 2047 629 2116 convertisse
647 2045 748 2129 dicit,
770 2045 886 2114 codem
902 2047 1038 2133 ἅνδρακ,
1060 2052 1177 2140 εὐοχή.

69 2177 172 2236 μονον
191 2162 224 2217 ct
245 2151 372 2218 similes
394 2145 641 2218 recentissimae
664 2147 859 2216 Graecitatis
881 2153 1085 2222 accusativos
1110 2167 1175 2224 tra·

69 2257 169 2321 heus.
235 2255 283 2320 At
312 2253 568 2319 Adamantinnnn
596 2249 712 2318 Cor-ais
740 2251 822 2318 olins
852 2251 974 2320 similia
1004 2255 1174 2336 docentem

68 2357 272 2424 refutaverat
292 2355 481 2424 Lobeclsius
503 2353 626 2420 Parall.
656 2377 691 2444 p.
716 2353 790 2420 142.
858 2352 928 2438 Qui
950 2379 1052 2446 qutun
1075 2359 1174 2446 dieat,

68 2461 109 2527 in
125 2458 268 2526 Dissert.
287 2457 328 2524 dc
344 2455 523 2547 Ambiguis
544 2459 655 2547 (quana
677 2453 790 2522 videre
812 2455 909 2524 nobis
932 2481 1000 2525 non
1019 2461 1175 2552 contigit)

69 2561 259 2629 ostendisse
289 2583 348 2645 se,
390 2581 457 2652 quo
485 2557 669 2650 pertineant
696 2557 830 2626 nomina
858 2561 991 2650 propria
1012 2565 1172 2650 Λεπρέος,

68 2665 237 2748 Ἀμοιβέας
253 2675 286 2730 ct
306 2661 447 2744 similia,
470 2661 536 2752 ipsi
558 2660 598 2728 de
620 2660 903 2750 homonymiarum
923 2661 1055 2728 illarum
1077 2687 1174 2732 eausa

69 2789 230 2858 quaerere
241 2787 280 2834 eo
291 2765 402 2831 minus
414 2762 688 2856 periclitabimur,
711 2761 903 2854 quodsatis,
922 2761 956 2829 id
965 2765 1055 2854 quod
1063 2778 1174 2835 nostra

68 2870 240 2947 intererat,
264 2869 487 2958 exemplorum
509 2866 605 2956 copia
626 2865 780 2933 docuisse
800 2866 962 2944 videmur,
984 2868 1117 2936 uomina
1137 2870 1173 2936 in

69 2972 108 3036 in
121 2978 327 3060 saltuosaque
339 2990 398 3060 pro
410 2969 599 3088 nominilsns
609 2968 645 3036 in
657 2977 734 3047 κλης
744 2967 850 3058 posita
859 2991 926 3034 non
938 2967 1075 3038 barbara
1086 2995 1172 3040 esse.

159 3071 346 3138 Redeamus
366 3070 409 3140 nd
431 3071 630 3138 Pistam
652 3069 882 3163 llippoeleana.
921 3069 1029 3159 Cujus
1052 3095 1172 3142 nonen

70 3197 259 3267 quenquam
282 3185 416 3265 apparet
435 3196 550 3264 parum
571 3185 659 3242 recte
678 3171 813 3240 anobis
834 3173 974 3240 ussine
997 3175 1171 3244 barbam

69 3277 197 3344 dietum
214 3297 309 3354 esse,
333 3288 473 3344 attamen
495 3276 643 3368 suspicio
664 3274 823 3366 quaedam
844 3275 922 3344 inde
943 3277 1060 3363 oritur,
1082 3279 1172 3370 qnod

69 3379 199 3472 reliqua
215 3377 348 3445 nomina
370 3379 406 3444 in
430 3387 522 3456 κλεας
542 3379 696 3447 exeuntia
716 3377 900 3445 recentiore
920 3378 1052 3446 demum
1067 3391 1172 3446 aetate

69 3482 292 3571 reperiuntur.
355 3481 471 3573 ltaque
498 3505 541 3548 nc
569 3482 708 3550 lornssnr
737 3503 798 3571 pro
819 3479 935 3547 aetatis
955 3480 1081 3547 ratione
1105 3481 1172 3548 sin·

69 3585 220 3674 gnlnrenr
241 3593 363 3650 temere
385 3585 582 3674 probemus,
612 3581 790 3650 videndum
811 3597 884 3668 est,
912 3605 978 3672 qua
999 3584 1171 3649 auotorita-

68 3697 105 3752 te
126 3685 258 3753 nitetur.
303 3685 399 3753 Libri
419 3687 529 3778 priore
550 3685 707 3752 camisio
729 3684 898 3754 Pindarici
919 3684 994 3750 loco
1014 3707 1047 3750 v.
1063 3685 1094 3750 5.
1117 3683 1172 3752 da·

70 3789 177 3854 tivum
197 3789 365 3872 ‘lucontio
394 3789 553 3880 praebent
574 3799 607 3855 et
628 3787 768 3856 eundern
789 3811 890 3855 seusu
913 3784 1104 3852 destitutum
1124 3787 1171 3856 al·

70 3899 142 3952 tero
162 3889 254 3972 loco,
283 3891 342 3958 ubi
363 3915 381 3957 e
402 3891 590 3978 conjectura
610 3891 795 3958 Ἱπποκλέαν
814 3888 975 3978 scriptun
996 3901 1058 3956 est.
1103 3887 1171 3956 Dc·

71 3987 151 4054 inde
181 3991 306 4060 scholia
341 3993 383 4060 ad
410 3992 565 4060 carminis
600 3991 850 4083 inscriptionem
879 3991 959 4056 lraec
989 3989 1169 4056 adnotauta

71 4091 160 4155 δοκεῖ
187 4093 220 4156 δέ
240 4094 261 4172 ἡ
281 4093 345 4178 ᾠδῆ
367 4093 409 4179 foi
430 4092 526 4182 ὑριοῖς
547 4095 776 4181 ἐπιγεγράφθαι
793 4093 972 4159 ‘quenti‘
1012 4091 1082 4158 δέον
1108 4091 1171 4176 γὰρ

68 4193 249 4276 Ἱπποκλέᾳ.
279 4193 314 4261 τὸ
343 4195 404 4286 γὰρ
432 4197 530 4282 ὄνομα
557 4192 598 4278 alu
624 4196 828 4276 Ἱπποκλέας,
874 4193 919 4271 oio
946 4197 1001 4259 καλ
1029 4191 1125 4270 αὐτὸς
1152 4195 1170 4262 o‘

72 4295 233 4384 Πλκιλαρος
255 4297 353 4376 δηλοῖ.
388 4297 520 4383 Qnibus
541 4301 775 4370 couvenientes
796 4297 921 4366 scholia
942 4297 1068 4388 ubique
1087 4321 1168 4388 pue·

906 4425 967 4494 36·
