2890 4816
115 336 146 430 5.
159 337 220 414 38.
245 337 303 414 Da
321 363 437 436 praes.
458 359 639 420 contract.
658 360 694 418 et
713 345 826 422 futur.
844 348 1105 456 conjugatione
1132 355 1208 432 309

196 539 448 633 conjugationis
463 549 650 638 paradigma
674 575 837 642 apponere
856 553 891 619 in
912 565 998 622 tanta
1020 558 1206 644 formarum,

113 667 197 732 qnae
221 645 338 734 partim
366 647 457 736 ipsae
486 652 662 739 leguntur,
706 655 824 746 partim
854 668 942 724 certo
970 659 1121 748 analogia
1151 660 1206 726 de·

111 757 354 831 monstrantur,
389 749 618 820 difficillimum
648 779 709 820 nec
733 758 811 822 satis
835 757 915 824 utile
938 759 1076 824 videtur.
1130 759 1205 826 Sin·

109 847 208 936 gulas
236 849 358 914 formas
387 875 405 914 e
432 855 558 943 regulis
586 859 764 946 propositis
795 857 889 924 facile
919 861 1110 928 formaveris
1132 873 1205 927 ete

110 947 142 1032 ξ.
167 949 222 1014 25.
246 949 299 1016 26.
330 953 369 1018 21
400 958 559 1046 exemplis
590 958 803 1026 adstruxeris.
861 959 975 1026 Solum
1009 965 1202 1051 praesentis,

109 1073 254 1140 quocum
276 1053 422 1120 futurum
443 1059 612 1142 concinit,
650 1061 862 1128 indicativum
885 1062 1041 1148 objectivi
1063 1087 1203 1154 appone·

109 1175 201 1230 mus,
226 1154 313 1220 unde
335 1155 452 1244 ingens
474 1161 648 1226 formarum
672 1163 810 1228 varietas
830 1175 995 1254 appareat.

110 1287 206 1379 Sinfl.
221 1291 251 1355 1.
297 1293 392 1373 φιλέω
415 1332 454 1344 -
479 1299 562 1378 φιλῶ
582 1338 623 1348 -
647 1299 738 1380 φιλίαν
760 1279 829 1364 sev.

213 1391 245 1456 2.
292 1397 390 1476 φιλεῖς
411 1437 451 1447 -
475 1399 562 1479 φιλές

214 1491 245 1560 3.
291 1497 375 1577 φιλεῖ

108 1591 200 1660 Piur.
214 1595 244 1662 1.
291 1599 433 1682 pettam
450 1638 491 1649 -
514 1605 660 1682 φιλοῦμες
671 1601 742 1668 mit.
761 1643 802 1654 -
825 1611 967 1689 φιλεῦμες
982 1649 1023 1659 -
1046 1613 1197 1695 φιλτόμες,

372 1703 535 1783 φιλλωμες,
559 1705 693 1786 pricipes
715 1727 782 1770 sev.
867 1695 872 1710 ⁸

213 1797 245 1864 2.
292 1803 404 1882 φιλεῖτε
427 1803 498 1868 mit.
522 1841 560 1852 —
586 1808 692 1886 φιλῆτε
716 1823 782 1871 sev.

213 1899 244 1964 3.
290 1904 423 1984 φιλέοντι
445 1931 485 1953 -·
513 1909 653 1986 φιλοῦντι
676 1905 745 1972 mit.
769 1949 809 1960 -
839 1913 972 1988 φιλεῦντι
993 1951 1034 1962 -
1067 1915 1198 1995 potione

370 2017 402 2072 et
425 2006 543 2089 φιλόντι
566 2031 634 2073 sev.

188 2181 225 2250 2)
257 2181 365 2249 Verba
387 2184 422 2249 in
443 2211 489 2249 co
510 2209 607 2275 quam
628 2184 857 2250 contractionis
877 2183 1036 2250 rationem
1060 2209 1197 2276 sequan-

104 2282 235 2362 tur,·in
259 2288 289 2366 ᾗ.
307 2287 349 2352 21
370 2287 554 2376 expositum
577 2297 650 2360 est„
682 2285 824 2352 Voeaies
848 2309 1012 2376 nunqnam
1035 2309 1100 2352 non
1124 2313 1196 2354 coa·

104 2384 251 2470 leserat,
287 2400 323 2452 nt
346 2389 441 2454 etiam
464 2392 523 2456 hae
545 2390 585 2454 de
607 2411 704 2454 causa
726 2387 866 2466 ἀπήλααν
888 2387 1031 2476 Lysistr.
1057 2389 1136 2458 1001
1159 2389 1194 2456 in

105 2484 248 2563 draitona
271 2491 459 2556 mutandum
480 2492 524 2556 sit
544 2491 568 2556 i.
593 2515 619 2556 e.
647 2488 810 2566 ἀπήλασαν
832 2489 898 2554 vid.
924 2492 955 2572 §-
979 2491 1012 2571 9,
1035 2491 1067 2558 3.
1113 2491 1194 2556 Coa·

105 2587 232 2656 iescunt
260 2603 366 2656 autem
397 2615 432 2656 αε
463 2605 497 2660 et
528 2619 568 2671 αφ
598 2593 720 2680 nitique
752 2593 795 2656 in.
816 2619 854 2669 η,
889 2589 1008 2657 deinde
1031 2618 1070 2656 ao
1093 2603 1126 2658 et
1149 2603 1195 2656 ἀα
1227 2645 1231 2654 .

104 2714 199 2781 saepe
221 2693 256 2756 in
281 2699 318 2771 ἆ,
343 2719 407 2760 non
425 2719 562 2784 semper.
610 2694 756 2759 Primum
778 2693 866 2758 enim
889 2692 1006 2781 stirpes
1027 2696 1193 2782 monosyl-

104 2793 218 2878 labae,
254 2807 289 2860 ut
309 2801 369 2874 toi,
393 2801 455 2873 Coi,
480 2801 546 2878 βαῖ,
579 2797 619 2861 de
641 2795 761 2885 quibus
783 2795 857 2859 vide
879 2796 910 2876 ᾖ.
935 2795 993 2874 42,
1026 2819 1067 2861 ne
1090 2795 1191 2860 ulium

16 2926 19 2939 ·
104 2897 235 2984 quidem
259 2897 330 2984 ejus
352 2899 583 2978 contractionis
606 2897 747 2963 Doricae
775 2895 948 2983 vestigium
971 2906 1104 2981 tenent3
1139 2897 1192 2961 de·

104 2995 179 3063 inde
203 3023 266 3066 uon
291 3001 394 3088 magis
419 2999 704 3088 plurisyllabarum
727 3021 783 3064 eae
805 2999 946 3080 formae,
979 3017 1114 3086 quarum
1141 2999 1191 3070 ‚ut-

15 3151 16 3155 .
104 3099 199 3166 timae
224 3101 370 3190 syllabae
400 3102 620 3176 contractione
648 3111 843 3188 tanguntur,
878 3109 916 3162 ut
944 3103 1038 3176 νικῶ,
1073 3101 1189 3177 ἐνίκων,
1291 3179 1295 3192 ¹

15 3249 16 3263 .
105 3207 197 3266 rusaio
229 3201 320 3292 (nem
347 3203 519 3294 partieipia
540 3207 646 3287 γελᾶν,
681 3205 750 3267 ἐλᾶν
771 3225 788 3264 a
812 3199 1032 3290 grammaticis
1054 3224 1190 3266 commc-

104 3317 222 3370 morata
244 3332 263 3372 o
285 3305 424 3395 reliquis
446 3305 598 3390 casibus,
620 3313 656 3369 ut
675 3307 831 3386 γελᾶντες,
856 3304 974 3377 tarino
987 3302 1066 3370 'ficta
1079 3302 1190 3369 videu-

15 3397 16 3403 ¹
104 3409 193 3494 tnr)3
214 3421 379 3500 postremo
401 3407 496 3472 etiam
521 3406 555 3470 in
578 3405 693 3470 mediis
716 3403 853 3493 syllabis
877 3402 1020 3492 genuina
1042 3401 1144 3469 Doris
1167 3430 1191 3466 ω

104 3531 168 3576 uon
191 3509 326 3576 omnino
347 3509 513 3598 respuisse
535 3509 674 3576 videtur.

185 3609 359 3700 optativus
390 3609 487 3675 modo
515 3612 667 3698 vulgaros
696 3606 941 3674 terminationes
972 3603 1189 3694 assumpsisse

17 3782 20 3799 Ι
105 3709 245 3788 videtne,
275 3723 314 3778 ut
333 3715 408 3793 νικῷ
429 3712 537 3778 Alcm.
562 3711 603 3778 54
625 3710 719 3796 (83),
749 3707 835 3773 siin
859 3717 946 3774 tanta
969 3707 1189 3796 exemplorum

106 3812 235 3898 penuria
257 3811 417 3881 Alcmene
441 3813 487 3878 uti
510 3813 605 3894 ticet,
629 3817 719 3893 λῷτε,
742 3810 831 3898 quod
854 3807 972 3896 Epieh.
992 3807 1033 3874 58
1055 3807 1188 3896 agnosci

106 3935 197 4000 posse
219 3913 365 3999 videtur,
397 3917 492 3980 ruodo
517 3916 664 3995 Atticas,
688 3924 722 3977 ut
744 3911 804 3992 tuo
829 3909 946 3998 Epich.
965 3909 1037 3974 137.

182 4017 234 4082 De
266 4019 497 4082 nonnullorum
530 4015 699 4082 verborum
731 4013 771 4076 ad
801 4009 1062 4097 conjugationem
1091 4009 1124 4072 iu
1148 4033 1188 4072 εω

106 4119 236 4184 transito
258 4131 333 4186 mox
357 4119 514 4184 dicemus.
560 4115 657 4184 Nunc
675 4115 770 4180 etiam
793 4112 846 4178 trie
869 4109 1080 4177 indicativum
1097 4133 1187 4200 prae·

107 4219 204 4288 sentis
227 4220 379 4308 objectivi
403 4221 543 4309 exempti
567 4241 662 4283 eausa
685 4235 923 4308 proponemus:
