2862 4808
332 386 365 480 d.
391 387 453 466 48.
506 387 567 462 De
588 384 737 459 mitiore
756 383 902 459 Doride.
1087 381 1165 459 409

74 595 183 666 Unam
207 597 451 686 suspicionem,
474 619 558 687 quae
577 593 785 662 mediocriter
800 593 929 684 placere
943 592 1063 684 possit,
1087 613 1164 656 eon·

74 709 123 764 tra
145 699 277 790 concipi
298 721 396 788 posse
423 719 615 766 censemusa
648 695 739 762 illem
760 695 898 762 Doridis
919 693 1062 784 speeiem
1085 694 1163 760 olim

74 801 221 867 solorum
240 801 433 868 Aetolorum
462 800 567 866 luisse
594 811 628 865 et
646 809 758 886 postea
779 796 924 866 Aetolici
945 797 1088 862 foederis
1109 818 1164 861 an·

26 911 43 933 ·
73 900 224 968 ctoritate
245 925 305 992 per
323 901 450 969 vicinas
464 901 619 992 regiones
632 909 861 990 propagatam,
883 899 980 966 sicuti
997 897 1166 988 vulgarem

72 1001 232 1070 Doridem
261 1003 400 1070 Acbaiei
436 1003 579 1070 foederis
607 1001 828 1068 dominatione
853 993 913 1091 per
940 1000 1166 1090 Peloponnesi

72 1105 214 1194 populos
234 1104 455 1176 circumlatam
476 1129 550 1171 esse
570 1103 799 1172 indicarimus.
844 1103 994 1193 Delphos
1008 1114 1096 1181 certe
1116 1125 1166 1168 re·

72 1207 237 1274 centiores
258 1207 442 1274 Aetolicum
462 1207 611 1297 linguam
634 1207 806 1298 adoptasse
832 1229 908 1272 mox
932 1203 1167 1272 demonstrabi-

73 1331 161 1376 mus.
207 1307 273 1375 Sed
294 1311 410 1375 borum
431 1309 600 1400 antiquior
621 1331 753 1398 quoque
773 1307 933 1376 dialectus
949 1307 991 1373 ad
1005 1306 1167 1374 mitiorem
1224 1327 1226 1336 ’

75 1409 252 1476 dialectum
288 1409 442 1501 pertinet.
510 1410 726 1478 Accnratiora
757 1410 886 1476 docebit
916 1409 1168 1498 inscriptionum

74 1535 252 1602 earumque
273 1514 413 1580 fortasse
433 1513 655 1604 antiquiorum
676 1513 766 1600 larga
787 1511 899 1601 copie,
922 1535 1019 1600 quam
1035 1533 1112 1578 mox
1132 1511 1169 1575 in

74 1615 147 1680 illis
167 1614 361 1705 regionibus
384 1614 544 1682 detectum
568 1615 611 1682 iri
632 1639 647 1679 s
672 1637 811 1680 eramus.
857 1611 1011 1680 Ceterum
1032 1613 1068 1678 in
1090 1612 1167 1679 titu-

74 1715 119 1782 lis
140 1715 292 1784 Locricis
322 1739 401 1783 casu
434 1639 697 1806 septentrionalis
726 1713 863 1782 Doridis
891 1715 1072 1805 proprietas
1101 1737 1168 1780 uon

73 1829 226 1908 apparet,
248 1842 356 1908 neque
377 1831 484 1884 tamen
507 1817 614 1908 magis
636 1817 827 1910 quidquem,
850 1815 938 1906 quod
951 1841 1021 1882 eam
1038 1815 1168 1880 dialecti

75 1921 221 2010 speeiem
242 1919 378 2010 agnosci
398 1931 495 1988 vetet.
538 1920 764 1988 Acarnanioos
785 1919 917 2003 titulos,
945 1941 1082 2008 quorum
1104 1917 1168 1983 lin·

76 2044 142 2110 gue
171 2045 274 2112 aeque
302 2019 391 2088 inter
422 2023 591 2112 vulgarem
625 2033 659 2088 et
687 2019 975 2112 septentrionalem
1007 2018 1168 2086 Doridem

75 2123 177 2189 dubia
198 2135 267 2209 est,
300 2123 379 2191 olim
402 2123 479 2190 buic
500 2123 756 2216 adscripsimus,
789 2145 877 2190 nnuc
898 2133 1031 2212 propter
1051 2119 1168 2185 Coriu-

74 2225 218 2292 tbiaruna
238 2225 441 2294 coloniarum
461 2228 496 2292 iu
518 2251 556 2294 ea
576 2226 713 2316 regione
734 2225 926 2319 potestatem
947 2223 989 2290 ed
1009 2223 1099 2292 illam
1116 2245 1167 2287 re·

73 2329 162 2395 ferre
183 2328 371 2394 maluimus.

162 2429 197 2510 5)
240 2429 447 2519 Delplrica
480 2429 641 2498 dialectus
669 2430 833 2522 antiquior
860 2429 1101 2496 memorabilem
1132 2427 1168 2494 in

74 2531 210 2602 modum
241 2555 261 2598 a
293 2533 541 2622 septentrionali
580 2532 707 2600 Doride
745 2533 899 2600 distincta
933 2543 993 2600 est.
1060 2531 1166 2614 Quae,

76 2659 180 2728 vum
202 2633 444 2700 vetustissimus
464 2633 580 2702 titulus
603 2633 778 2702 Crissaeus
799 2633 836 2702 C.
860 2635 888 2700 l.
913 2657 963 2700 ur.
990 2635 1007 2700 1
1033 2643 1066 2699 et
1088 2631 1168 2700 Del-

76 2736 195 2828 pbicns
216 2759 268 2800 nr.
282 2736 326 2804 25
346 2735 429 2802 nibil
451 2735 590 2802 babeant
601 2737 752 2826 antiquae
767 2736 886 2803 Doridi
902 2759 968 2801 uon
983 2757 1167 2817 commune,

77 2863 119 2904 ex
137 2861 206 2904 uno
227 2837 438 2927 cognoscitur
459 2838 587 2904 decreto
608 2838 875 2928 Ampbiotionico
897 2863 948 2904 ur.
970 2837 1053 2904 1688
1086 2836 1166 2916 (vid.

76 2939 270 3030 Append.),
302 2939 618 3030 qu0d01.10⁰‚1
649 2941 888 3030 scriptumest.
942 2938 1059 3029 Neque
1081 2939 1168 3004 euim

75 3041 229 3108 dubitare
250 3041 347 3125 lieet,
370 3041 451 3132 quin
475 3041 636 3108 dialectos
650 3041 811 3132 Delpbica
834 3042 896 3128 sit,
919 3065 1018 3131 quum
1034 3040 1075 3106 de
1089 3039 1169 3106 Del·

76 3143 250 3235 pbicarum
281 3143 420 3210 maxime
458 3167 566 3210 rerum
602 3143 881 3212 administratione
916 3155 1030 3234 agatur
1061 3165 1169 3232 oeque

77 3247 169 3312 ullus
190 3245 275 3312 alius
296 3245 438 3335 populus
459 3267 534 3310 cum
555 3243 664 3334 aliqua
684 3245 752 3312 reri
773 3248 883 3336 specie
903 3245 1080 3334 excogitari
1095 3267 1169 3334 pos·

77 3347 143 3432 sit,
167 3347 264 3434 cujus
284 3347 399 3438 lingua
419 3345 669 3436 Ampbietionee
691 3371 728 3416 ea
749 3359 853 3414 aetate
875 3347 928 3414 usi
951 3348 1028 3414 sint.

162 3447 238 3516 dam
259 3473 338 3516 vero
366 3447 488 3514 decreti
516 3449 674 3515 dialectos
695 3449 736 3514 ad
764 3449 1047 3540 septentrionalem
1072 3448 1170 3516 Dori·

77 3550 154 3616 dem
185 3575 225 3618 eo
253 3549 412 3641 pertinet,
445 3551 534 3639 quod
560 3552 591 3614 ia
611 3573 671 3640 pro
692 3552 736 3627 εἰς
756 3563 934 3642 usurpatur
953 3563 986 3618 et
1004 3551 1092 3640 qnod
1114 3574 1170 3616 ro·

77 3651 200 3720 nulium
221 3675 254 3718 eu
283 3663 316 3718 et
341 3676 382 3716 eor
413 3653 634 3718 contractione
662 3653 854 3720 abstinetur.
912 3653 1033 3720 Contra
1064 3651 1171 3718 differt

77 3764 295 3820 extremarum
327 3753 525 3842 syllabarum
559 3754 763 3844 correptione
796 3755 927 3834 eadem,
968 3779 1051 3844 quae
1082 3753 1168 3844 apud

76 3855 269 3938 Tbereeos,
292 3853 403 3940 Coos,
425 3856 601 3946 plerosque
623 3855 819 3940 Cretenses,
851 3857 1036 3946 Cyrenaeos
1059 3855 1169 3923 obser-

77 3967 175 4022 vatur
200 3955 269 4024 vid.
293 3960 326 4040 ξ.
349 3957 403 4024 21.
456 3957 588 4023 Tertiae
616 3955 846 4026 declinationis
876 3959 1003 4025 dativus
1029 3957 1169 4047 pluralis

77 4059 114 4124 in
135 4081 207 4124 ecoe
227 4057 368 4141 desinit,
390 4081 457 4124 uon
479 4059 515 4124 in
537 4085 603 4137 oso,
636 4071 669 4126 et
689 4059 783 4124 tertia
804 4058 943 4148 pluralis
963 4059 1169 4148 imperativo·

76 4147 157 4226 rubr
171 4159 286 4226 Attico
308 4181 417 4244 more,
438 4183 505 4248 quo
528 4160 625 4226 etlam
647 4159 821 4226 Cretenses
842 4171 875 4226 et
895 4157 1038 4228 Tberaei
1059 4171 1111 4244 et,
1133 4159 1191 4226 iu·

79 4259 262 4348 subjective
283 4261 437 4350 quidem,
460 4259 582 4332 ilbodii
604 4271 760 4344 utuntur,
788 4261 823 4326 iu
846 4271 1106 4348 crevecoeur,
1134 4273 1171 4328 ut
