2844 4806
276 1431 367 1516 An
390 1429 620 1516 Librum
645 1429 968 1515 Secundum.

540 1679 677 1690 .--..-..=

160 1985 257 2074 Pag.
279 1985 313 2050 6.
357 1983 411 2050 Dc
439 1984 575 2050 Doridis
605 1983 741 2052 interitu
770 1981 845 2049 vide
873 1983 994 2050 Franz.
1025 1983 1167 2054 Eiemm.

71 2087 195 2178 Epigr.
219 2087 279 2154 Gr.
303 2087 439 2175 p.185,
462 2086 520 2177 qui
541 2085 648 2167 liber,
669 2109 770 2174 quum
792 2085 851 2152 iiia
875 2085 1080 2172 scribebam,
1103 2113 1169 2154 nnn

68 2201 144 2258 erat
164 2187 206 2255 ad
227 2211 368 2258 manum.
434 2187 532 2272 Quod
554 2188 598 2253 V.
622 2187 666 2252 1).
690 2187 970 2277 Amphictyonum
991 2189 1169 2256 concilium

69 2291 234 2359 maturina
263 2313 359 2380 quam
392 2290 543 2381 singulae
574 2289 722 2357 civitatee
750 2289 919 2380 vulgarem
953 2291 1100 2381 linguam
1133 2293 1170 2358 in

69 2393 218 2461 Doricae
240 2393 373 2460 dialecti
399 2393 510 2460 iocum
533 2393 692 2460 ascivisse
712 2415 731 2458 e
754 2392 895 2460 decretis
915 2392 951 2458 in
972 2392 1170 2462 Demosthe-

70 2497 130 2563 nia
157 2497 303 2563 oratione
333 2497 375 2562 de
404 2496 535 2562 Gcrnna
566 2519 600 2584 p.
623 2496 697 2564 278.
715 2493 780 2564 279
809 2507 841 2562 et
868 2495 903 2560 in
928 2495 1029 2586 Cnrp.
1050 2497 1168 2564 'lnacn

71 2623 127 2664 nr.
145 2597 240 2666 1689.
255 2598 324 2663 ab
345 2599 483 2666 acrvatic
503 2597 654 2686 colligit,
685 2597 755 2684 jam
777 2597 889 2686 paulic
911 2597 1094 2664 accuratius
1114 2621 1169 2664 ex·

70 2723 197 2794 ponere
235 2699 325 2766 licet.
392 2700 587 2791 Quanquam
619 2699 707 2764 enim
739 2699 879 2766 decretis
908 2699 1170 2768 Demosthenem

72 2802 218 2871 crationi
245 2802 379 2870 insertis
400 2803 538 2870 multum
560 2801 640 2868 iidci
667 2801 781 2868 haberi
803 2801 939 2894 nequit,
972 2813 1006 2866 at
1029 2823 1095 2866 neu
1118 2823 1169 2867 ec·

72 2908 146 2973 lum
167 2927 218 2969 nr.
244 2905 328 2972 1689
348 2917 382 2971 et
403 2906 498 2974 1689.
517 2905 539 2970 h
560 2905 645 2971 nihii
665 2903 781 2972 Dorici
803 2905 923 2972 habent
943 2915 1169 2996 praeterquam

71 3009 111 3074 in
134 3007 325 3074 nominibus
346 3007 511 3098 propriis,
541 3007 716 3074 sedetiam
739 3031 789 3072 nr.
810 3007 894 3074 1694
914 3018 946 3072 et
968 3029 1005 3074 ea
1027 3008 1168 3086 decreta,

72 3131 160 3201 qnae
188 3108 224 3173 in
246 3108 360 3175 ecdem
388 3109 497 3198 lapide
523 3133 598 3176 cnm
626 3135 677 3175 nr.
702 3110 796 3177 1689.
820 3109 841 3174 b
871 3107 1002 3175 inventa
1024 3109 1170 3174 Lcaiaiua

73 3209 180 3279 edidit
201 3210 237 3276 in
260 3213 392 3276 Travels
414 3213 551 3300 ttrnuqh
568 3215 729 3279 Nortdern
745 3211 863 3278 Greece
879 3210 958 3280 vol.
971 3211 1016 3276 11.
1040 3235 1091 3276 nr.
1106 3211 1169 3294 993

72 3325 241 3407 pemmo
268 3311 433 3378 decretum
462 3313 502 3378 ab
524 3313 607 3378 Ern.
632 3311 749 3380 Curtio
778 3311 814 3376 iu
841 3313 929 3379 Μιιι.
953 3311 1062 3380 Rhen.
1087 3312 1170 3378 1842

72 3443 108 3508 p.
127 3415 170 3484 93
188 3437 283 3504 seqq.
307 3438 358 3478 nr.
376 3417 415 3480 11
438 3415 562 3480 editum
582 3439 600 3480 a
622 3413 732 3482 verbis
753 3417 884 3490 πυλαίας
907 3414 1065 3498 ὀπωρινῆς
1085 3417 1169 3495 ἱερο-

73 3517 308 3602 μνημοιούντων
338 3539 490 3582 caoreum
523 3527 637 3605 postea
664 3517 711 3582 ·ad
743 3516 879 3584 Doridis
910 3539 1005 3582 naum
1038 3513 1166 3580 transit.

72 3621 149 3689 Jan
170 3641 247 3686 vern
271 3617 330 3685 iiia
350 3617 631 3708 Amphictyonum
653 3617 780 3685 decreta
802 3617 932 3695 omnia,
974 3627 1009 3681 ut
1031 3613 1169 3680 Curtius

73 3721 243 3790 Bceclthin
270 3719 312 3785 ad
341 3744 392 3786 nr.
418 3721 501 3788 1691
530 3729 706 3809 praecunte
733 3721 818 3786 bene
848 3717 1032 3800 intellexit,
1064 3741 1167 3806 quau·

73 3847 174 3913 quam
195 3823 356 3888 Leaiaiani
376 3821 464 3887 tituli
486 3845 552 3888 non
573 3845 715 3902 memor,
755 3821 796 3888 ad
819 3843 889 3885 cana
911 3829 1046 3884 aetatem
1069 3818 1167 3908 pcrti-

74 3935 178 4006 nent‚
217 3947 281 4013 qna
303 3925 417 3992 Aetoii
443 3935 565 3989 tantum
595 3925 764 4013 potestatis
794 3923 880 3988 inter
908 3920 1168 4010 Amphictyones

74 4025 141 4092 eibi
161 4039 413 4114 arrogaverunt,
450 4039 615 4092 uteorum
637 4026 918 4092 iricrnmncmcncs
948 4031 1003 4086 ant
1024 4021 1087 4086 ccii
1113 4031 1168 4086 ant

75 4125 182 4215 primu
210 4128 284 4194 lucc
314 4129 554 4212 scriberentur,
597 4129 686 4217 quod
715 4127 749 4192 in
780 4125 868 4190 tertii
896 4147 926 4188 a.
950 4121 1013 4188 Ch.
1045 4123 1168 4189 aaccnii

75 4227 199 4294 exitam
220 4239 254 4296 ct
274 4231 410 4300 accnudi
434 4233 566 4300 initium
587 4231 703 4298 cadere
724 4239 862 4318 oportet.
899 4225 970 4294 Nec
987 4223 1165 4316 quidquam
