2878 4814
313 369 389 447 tot
569 366 685 460 §.AB
739 373 796 446 De
820 371 970 447 mitiore
990 363 1144 448 Doride]

317 577 466 670 species,
497 599 581 668 quac
602 576 770 666 aliquanto
794 580 927 671 saepius
948 601 1023 646 cum
1043 575 1153 644 Attica
1175 577 1375 644 consuetudi

315 681 488 763 differunt,
511 679 795 769 perlustrahimus.

399 783 435 864 2)
478 781 687 870 vulgaris
715 781 818 849 Doris
846 803 884 847 ea
912 779 1055 848 mitioris
1083 779 1214 871 generis
1245 781 1368 872 speeies

315 884 414 951 nohis
441 882 643 972 appellatur,
677 905 742 972 qua
763 883 913 973 plerique
935 881 1118 950 Dorienses
1139 882 1372 972 Peloponnesia
1381 922 1399 935 ,η

315 1009 391 1052 cum
419 981 548 1052 colonis
577 983 649 1050 suis
677 995 753 1074 post
774 984 1007 1076 Olympiadem
1035 983 1165 1050 initium
1187 983 1338 1050 deductis
1358 979 1399 1048 uri

315 1098 413 1172 sunt,
446 1097 576 1177 praeter
603 1109 661 1168 ea,
693 1107 777 1174 quac
796 1085 951 1152 universa
970 1085 1076 1150 Doris
1097 1085 1282 1152 communia
1303 1085 1398 1166 hehet,

313 1188 407 1253 nulla
435 1189 505 1254 lere
527 1186 677 1275 graviore
697 1209 734 1252 re
755 1188 796 1253 ah
817 1187 955 1252 Atthide
984 1185 1140 1252 distincta
1173 1211 1270 1278 quam
1299 1187 1400 1254 tertiae

315 1288 456 1379 pluralis
478 1287 663 1378 imperativi
684 1288 970 1356 terminationibus
991 1313 1053 1352 seor
1067 1299 1101 1354 et
1117 1295 1188 1354 odra
1210 1299 1246 1354 ut
1261 1289 1399 1353 rumim

315 1399 349 1457 ct
365 1391 539 1456 τυπτέσθω.
576 1385 717 1456 Vocsle's
741 1415 773 1456 eo
796 1401 829 1456 et
850 1416 890 1455 so
912 1392 1106 1480 plerumque
1128 1413 1193 1456 non
1215 1392 1400 1456 contrahun-

315 1502 389 1576 tur,
422 1491 480 1556 uhi
508 1491 688 1557 contractio
716 1491 917 1576 admittitur,
949 1491 985 1558 in
1016 1501 1108 1558 ovet
1134 1517 1158 1554 ω
1179 1489 1295 1558 Attico
1324 1513 1411 1578 mors,

317 1593 505 1660 coalescunt
524 1591 592 1658 vid.
616 1591 650 1676 ἓ.
673 1592 735 1678 26,
759 1594 790 1660 5.
814 1595 848 1662 6.
871 1631 914 1645 -
949 1593 1022 1660 Jam
1046 1593 1171 1684 singuli
1192 1591 1313 1684 populi
1333 1615 1412 1700 eno,

315 1693 463 1762 merandi
485 1704 579 1760 sunta
1412 1760 1413 1784 ,

401 1793 619 1862 Corinthii
650 1793 704 1860 cui
731 1792 871 1862 dialecto
903 1793 1127 1874 assueverint,
1157 1795 1191 1860 in
1222 1793 1414 1888 Corinthio,

317 1921 429 1964 corum
450 1907 734 1964 monumentorum
757 1897 850 1963 clude
871 1921 890 1963 e
912 1897 1113 1964 coloniarum
1136 1894 1276 1986 lingua,
1300 1896 1402 1963 certis·

298 2000 401 2066 sime
423 2010 551 2076 tamen,
585 1997 767 2086 colligitur.
823 1997 948 2066 Eadem
970 1999 1058 2066 enim
1080 1999 1211 2066 dialecti
1232 1999 1318 2064 ratio
1340 2019 1401 2087 spo

316 2111 421 2167 ctatur
441 2098 529 2188 apud
552 2095 776 2188 Corcyraeos,
811 2123 949 2190 quorum
968 2101 1111 2196 ,linguae
1140 2099 1219 2166 satis
1246 2099 1417 2192 luculenta,

315 2212 525 2267 monumenta
546 2199 581 2266 in
603 2199 710 2266 titulis
733 2214 927 2290 supersunt,
956 2201 991 2266 in
1013 2201 1289 2294 inscriptionibus
1312 2203 1400 2268 Acar·

316 2303 443 2370 oanicis
466 2311 498 2368 et
514 2301 743 2388 Ambracicis,
766 2327 907 2394 quorum
930 2301 1104 2369 dialectum
1124 2327 1142 2368 e
1166 2301 1401 2370 Corinthiorum

317 2405 458 2472 coloniis
479 2425 631 2471 manasse
658 2428 757 2496 supra
784 2405 945 2496 monitum
971 2415 1022 2471 est
1051 2403 1084 2488 ἕ.
1108 2407 1147 2487 1,
1170 2405 1210 2489 1,
1244 2415 1419 2495 postremo*

316 2507 353 2573 in
381 2507 573 2574 universum
601 2505 687 2596 apud
711 2505 955 2596 Syracusanos,
989 2507 1031 2572 dc
1060 2505 1180 2598 quihus
1207 2531 1286 2573 mox
1316 2507 1401 2598 plora

316 2607 474 2675 dicemus.

400 2709 693 2802 Megarenses,
731 2735 871 2802 quorum
899 2707 1075 2776 dialectum
1105 2733 1146 2775 ex
1174 2705 1401 2798 Aristophanis

314 2811 589 2880 Acharnensihua
608 2823 641 2878 et
663 2811 758 2878 titulo
779 2811 907 2880 mediae
934 2812 1047 2880 aetatis
1077 2813 1134 2888 (cl.
1156 2809 1188 2894 ἓ.
1212 2811 1266 2896 47,
1290 2813 1328 2892 2)
1355 2833 1398 2874 ur.

316 2913 585 3003 sottenghem
606 2913 784 2997 hahemus,
806 2937 881 2980 com
903 2914 1032 2980 colonis
1054 2911 1246 3002 Byzantiis,
1271 2911 1399 2977 Chalcc

315 3015 448 3101 doniis,
477 3015 749 3093 hlescmhriauis,
785 3037 925 3106 quorum
953 3013 1101 3104 linguam
1124 3011 1219 3105 pauci
1241 3013 1332 3080 tituli
1352 3035 1398 3077 ex·

314 3117 440 3183 hihent.
498 3117 583 3184 Nam
609 3117 841 3208 Byzantiorum
872 3117 1003 3188 decreto
1034 3116 1122 3206 apud
1149 3115 1398 3182 Demosthenen

312 3217 410 3284 lidem
431 3243 500 3285 non
522 3219 703 3286 hahendam
724 3241 798 3284 esse
826 3217 998 3286 docuimus
1026 3217 1059 3300 §-
1082 3219 1199 3301 2,14.
1253 3215 1396 3282 Ceterum

313 3321 400 3411 apud
428 3321 684 3412 Aristophanem
711 3319 920 3411 Megarensis
947 3319 1117 3386 Laconum
1149 3329 1181 3384 et
1207 3316 1395 3384 Boeotorum

312 3445 402 3490 more
423 3427 442 3499 ζ
461 3423 497 3489 in
520 3425 557 3488 dd
576 3431 695 3499 mutat,
730 3421 767 3488 id
793 3421 883 3514 quod
913 3419 954 3488 ad
974 3419 1272 3510 pronuntiationem
1294 3417 1395 3508 plehe·

308 3523 379 3610 jam
399 3525 573 3592 retulimus
593 3525 625 3610 ἓ.
654 3525 714 3608 12,
738 3525 779 3608 4,
817 3547 877 3590 uec
900 3523 1105 3596 dubitamus,
1138 3521 1219 3614 quin
1247 3519 1313 3608 ipsi
1333 3519 1395 3586 hle·

312 3647 468 3716 gerenses
497 3632 515 3703 ξ
545 3626 749 3716 scripserint.
801 3625 841 3691 ln
870 3623 974 3693 titulis
996 3635 1029 3691 et
1049 3623 1193 3714 ipsorum
1215 3633 1249 3689 et
1268 3621 1395 3688 colono·

310 3751 383 3792 rum
405 3751 484 3794 casu
504 3727 592 3794 nihil
613 3737 757 3818 apperet.

393 3828 626 3920 Argolidis
652 3828 780 3896 incolae
799 3841 929 3918 praeter
948 3829 1040 3918 ipsos
1061 3826 1226 3919 Argivos,
1260 3823 1394 3890 Troeae·

310 3925 384 4006 nii,
424 3929 625 4018 Aeginetae,
671 3931 930 3997 Hermionenses
961 3929 1134 4020 Dryopes,
1178 3925 1391 3992 Calaureatae.

311 4027 468 4096 Omnium
496 4031 644 4120 linguam
673 4055 692 4096 e
721 4034 803 4100 solis
829 4027 1099 4120 inscriptionibus
1120 4028 1270 4096 nummus
1290 4046 1393 4114 neque

310 4129 351 4194 iis
382 4129 461 4195 satis
488 4131 668 4199 luculentis
691 4137 721 4218 ξ.
745 4135 788 4212 2,
811 4135 851 4217 3,
885 4155 925 4198 ex
953 4133 1051 4198 unico
1074 4131 1259 4198 'l'rocaeoio
1284 4127 1391 4193 mitius

308 4229 405 4296 modo
438 4229 576 4300 Doridis
608 4259 713 4325 geues
746 4234 978 4326 cognoscitur,
1015 4257 1082 4300 nou
1112 4229 1289 4323 singuleria
1320 4228 1389 4313 ejus
