3342 4822
142 433 246 522 §.32
284 435 340 510 ue
364 431 642 532 pronominibus
659 455 802 528 person.
821 445 857 503 et
874 453 1024 528 possess.
1061 431 1137 507 255

54 637 209 704 sidentur
238 637 303 704 soi
334 637 395 715 ud,
428 633 483 702 uel
510 634 602 724 quod
625 633 765 702 similem
790 633 985 700 senteutiam
1007 635 1136 720 babeat,

53 742 90 805 cl.
111 739 217 806 Arist.
241 735 430 829 Quirinii
461 735 550 822 χαῖρ’
578 731 606 800 oi
638 738 809 816 Καλονίκη.
854 745 895 802 K.
927 741 981 800 sul
1010 737 1081 821 σύγ’
1111 733 1138 802 ui

53 841 248 924 Λυσιστράτη
290 855 322 906 ct
354 839 548 906 familiarem
579 838 711 904 Latinis
744 839 992 928 responsionem
1025 851 1064 906 ct
1096 855 1139 907 tu

53 945 224 1011 salveto.
267 941 342 1010 dam
363 965 466 1032 quum
487 941 587 1030 vulgo
611 939 687 1006 oillei
707 966 757 1006 ros
778 941 861 1024 αὐτῷ
881 943 1024 1030 legatur,
1056 943 1138 1031 opti·

29 1031 90 1110 ¹usi
108 1046 190 1112 libri
211 1045 370 1136 praebent
392 1048 439 1110 sol
461 1042 557 1121 edrai,
585 1041 810 1126 cilimanico,
838 1041 875 1106 τι)
897 1043 993 1124 αὐτά,
1024 1035 1060 1110 io*
1083 1045 1140 1110 αὗ-

51 1147 115 1224 τός,
138 1146 176 1212 sd
198 1145 291 1224 uv'sd,
313 1143 349 1212 sd
372 1145 465 1222 αὐτό,
489 1145 620 1212 codices
641 1156 724 1212 teste
744 1141 909 1218 Wartono
932 1143 1019 1227 αὐτᾳ.
1075 1147 1139 1216 lta·

52 1271 108 1338 que
130 1247 308 1338 legendum
330 1269 405 1314 esee
426 1245 575 1314 videturs

87 1359 133 1416 A.
148 1345 270 1434 'pulpos
291 1347 389 1418 sotici
410 1347 464 1414 τὸν
486 1349 587 1434 ἄνδρα
614 1345 784 1434 Θυώνιχον.
820 1354 859 1414 Θ.
884 1347 961 1414 ἀλλὰ
983 1355 1026 1416 ssi
1047 1351 1137 1435 crispi,

88 1455 236 1536 Αἰσχίνα.

51 1565 83 1617 ot
109 1553 190 1634 αὐτᾷ
218 1553 263 1620 sit
291 1575 351 1642 pro
380 1551 481 1628 οὕτως
511 1551 593 1634 (eid.
617 1549 650 1636 ξ.
673 1551 736 1628 44,
756 1550 812 1637 7)=
858 1574 936 1642 ego
967 1579 1069 1622 veru
1101 1567 1140 1624 tc

50 1654 140 1720 item
164 1653 562 1742 sc.'selverejubeo.
608 1653 759 1720 Ceterum
781 1679 847 1720 non
869 1657 964 1722 valde
978 1681 1139 1748 repugno,

51 1756 175 1846 siquis
197 1755 291 1822 melit
322 1755 398 1822 ἀλλὰ
425 1762 474 1824 sol
502 1755 581 1837 αὑτᾷ
606 1769 638 1822 et
659 1757 699 1821 ab
720 1757 902 1826 accusativo
923 1758 960 1824 iu
984 1759 1140 1838 dativum,

49 1857 162 1946 quiin
185 1858 380 1929 salutatione
400 1859 499 1926 etiam
521 1859 765 1942 usitatiorem,
799 1859 933 1926 transiri
953 1885 1021 1928 nou
1042 1887 1142 1952 aegre

49 1959 137 2026 ierat.
183 1959 371 2028 Deindc·in
397 1961 552 2028 Cleobuli
571 1961 710 2052 epistola
731 1959 834 2050 Πίος.
858 1960 968 2028 Laert.
993 1961 1140 2056 1,6,,93

50 2060 123 2128 libri
146 2063 305 2152 praebent
324 2061 390 2148 πάρ
411 2089 460 2128 sos
481 2069 674 2146 βασοῦνται,
696 2063 755 2130 ubi
776 2077 990 2130 correxerunt
1009 2063 1073 2149 πάρ
1091 2091 1139 2143 so,

49 2186 230 2256 quanquam
252 2165 438 2232 encliticam
460 2189 532 2232 cum
555 2164 798 2256 praepositione
814 2165 959 2256 jungere
973 2166 1029 2232 vix
1049 2167 1139 2234 licet.

49 2262 115 2332 Nec
142 2267 247 2356 magis
270 2267 349 2334 l'erri
371 2277 478 2358 potest
505 2266 568 2352 πάρ
590 2267 644 2345 sd,
682 2267 770 2356 quod
790 2267 991 2334 Hucbnerus
1013 2269 1048 2334 in
1070 2270 1141 2336 Ad·

50 2365 164 2434 deudis
191 2368 385 2460 proposuit,
419 2393 521 2460 quum
550 2369 591 2434 de
619 2367 654 2434 ni
682 2393 749 2436 uou
779 2369 933 2436 enclitico
957 2371 1042 2436 nibil
1064 2393 1141 2439 cou-

49 2481 129 2547 stet,
164 2470 342 2537 sedetiam
365 2469 486 2538 bicsss'
509 2471 611 2538 latere
640 2469 781 2540 videtur.
835 2472 926 2538 ldcm
952 2473 1142 2560 judicamus

49 2569 87 2636 de
116 2573 176 2656 ἐγώ
205 2600 255 2639 sos
277 2572 452 2654 ἀμυνοῦμαι
483 2573 516 2638 iu
546 2573 687 2664 epistola
709 2573 882 2640 Periandri
902 2573 1004 2664 Diog.
1029 2575 1140 2641 Laert.

48 2671 81 2756 1,
104 2675 146 2758 6,
171 2675 251 2757 100,
284 2673 341 2740 ubi
363 2675 441 2741 item
461 2701 497 2739 τυ
518 2675 572 2741 vel
593 2674 629 2738 ni
652 2675 864 2766 scripserunt.
915 2675 1087 2742 Postremo
1108 2677 1142 2742 iu

48 2777 319 2868 apophthegmate
342 2773 481 2842 Charilli
503 2775 673 2844 Plutarch.
697 2803 731 2868 p.
757 2777 837 2860 189,
860 2777 916 2844 ubi
939 2779 1046 2846 editur
1068 2807 1144 2843 suo·

48 2900 175 2944 serenos
196 2883 267 2962 sesi,
290 2890 347 2943 aut
366 2881 411 2942 τεί
431 2889 487 2944 aut
506 2903 542 2942 so
563 2877 801 2945 restituendum
824 2891 884 2947 est.

128 3034 173 3072 ro
204 3029 335 3098 semper
365 3006 555 3074 encliticam
583 3019 634 3076 cst
660 3019 744 3076 teste
772 3009 954 3099 Apollonio
981 3033 1015 3100 p.
1038 3009 1143 3078 6&ss
1182 3083 1186 3095 .

47 3119 78 3172 et
99 3109 176 3176 106.
202 3107 251 3194 Cp
295 3108 419 3198 legitur
446 3110 481 3176 iu
509 3133 606 3176 versu
636 3113 692 3176 καί
711 3138 746 3176 w
769 3115 918 3194 φίλιππον
941 3109 1036 3190 ἔθηκε
1058 3113 1144 3201 apud

45 3209 287 3300 Apollonium,
309 3233 408 3300 quem
430 3211 580 3278 Alcmani
603 3211 840 3280 vindicavimus
865 3213 899 3278 in
918 3211 1008 3280 Mus.
1033 3214 1141 3280 lllseo.

8 3363 14 3408 2
47 3309 92 3376 vl
116 3337 151 3402 p.
165 3312 251 3394 231,
274 3311 393 3402 Sopbr.
410 3313 464 3381 21.
486 3313 547 3396 74,
570 3313 688 3404 Epicb.
712 3315 756 3384 20
778 3313 871 3397 (libri
892 3319 974 3397 eos),
996 3317 1141 3398 Acheru.
1186 3385 1189 3390 ,

18 3411 111 3480 ’1196
129 3427 166 3480 et
188 3437 285 3504 saepe
306 3413 394 3504 apud
414 3413 639 3482 Theocritum.

104 3547 140 3620 c)
185 3539 300 3608 tertiae
319 3565 478 3634 personae

131 3671 169 3746 ἴ,
192 3667 283 3756 quod
307 3679 388 3740 teste
409 3669 591 3759 Apollonio
613 3697 646 3762 p.
660 3670 724 3738 107
727 3669 780 3734 .Α
802 3669 951 3740 dialectis
974 3694 1146 3736 commune
1252 3665 1254 3675 '

48 3779 106 3834 est.
155 3767 230 3834 Hoc
251 3793 320 3834 non
341 3771 583 3862 producebatur
603 3773 639 3838 in
661 3781 692 3838 εἴ
706 3769 759 3859 ¹⁹).

128 3897 172 3960 vl
178 3923 195 3960 s
222 3895 412 3962 encliticam
441 3897 564 3965 Dorice
593 3911 644 3965 est
671 3923 731 3989 pro
753 3897 854 3988 'epico
883 3923 935 3978 pm
966 3895 1144 3962 secundum

46 3995 208 4086 Apollon.
233 3998 308 4066 108.
332 3999 376 4064 Α.
421 3995 509 4068 illud
538 4023 612 4066 cum
635 3997 804 4066 Sanscrito
834 4013 946 4063 enam
976 3996 1145 4062 confercn-

48 4097 123 4162 dum
148 4111 222 4182 est,
258 4101 321 4166 lsoc
343 4123 416 4168 cum
447 4103 570 4168 imam
591 4126 611 4166 a
631 4101 832 4166 nominativo
853 4099 960 4184 ajam
989 4097 1027 4178 (i.
1052 4121 1081 4162 e.
1105 4100 1145 4176 is,

47 4197 86 4282 i).
132 4199 280 4292 Legitur
292 4229 339 4269 sss
356 4200 473 4292 Sopbr.
486 4202 544 4284 63,
568 4201 688 4293 Epicls.
700 4203 734 4286 9,
756 4225 816 4292 pro
828 4198 986 4266 feminino
996 4199 1145 4264 Aeliam.

48 4301 127 4384 711,
164 4315 203 4367 at
232 4303 419 4370 omittamus
448 4306 558 4371 lentes
584 4305 696 4370 minua
725 4309 839 4392 puros.
894 4299 1040 4366 Plaralie
1065 4323 1147 4366 usus
