2890 4812
206 377 240 469 §.
260 375 321 452 41.
361 381 417 454 De
439 377 693 480 conjugatione
714 375 870 475 perfecti
893 391 928 450 et
946 401 1021 454 eor.
1043 378 1069 450 Ι.
1112 376 1187 454 ³31

92 581 306 648 'l'ireooritum
329 581 365 665 1,
389 581 452 650 102
473 579 610 645 detineor
630 603 649 646 e
668 578 784 646 oodioo
805 579 834 644 P
856 589 888 645 et
907 579 1100 665 Eustathio‚
1128 580 1188 672 qui

93 685 233 752 δεδυκεῐυ
253 683 368 774 (vulgo
391 681 529 761 δεόόκεε,
559 681 657 772 penei
677 681 754 749 iibri
778 677 934 768 δεδόκην).
979 682 1057 750 Alta
1077 681 1188 748 inlini·

91 785 154 852 tivi
176 785 361 854 terminatio
382 784 584 874 conspicitur
604 786 639 852 in
661 783 783 852 tabulis
804 783 1101 870 Heracleeneihoe,
1130 783 1188 850 ubi

92 887 133 969 1,
164 887 208 954 74
239 893 487 972 πεφυτευκῆμευ,
521 889 557 971 l,
586 887 650 954 107
680 890 977 972 πεπρυγςυευκῆμεκ
1007 885 1188 952 seeundum

91 989 280 1078 analogiam
307 990 480 1056 verborum
506 990 543 1056 in
564 1016 611 1074 με.
665 989 794 1056 Similis
823 990 926 1055 forme
955 987 1044 1076 opud
1069 987 1188 1054 Archi·

91 1089 222 1158 medem
242 1093 366 1182 iegitur
387 1092 427 1158 de
449 1091 547 1158 Pion.
570 1093 657 1182 Aeq.
687 1117 722 1182 ρ.
747 1093 770 1160 8
802 1091 881 1156 ὥστε
908 1089 947 1156 τοὶ
966 1089 1110 1174 τμάματα
1132 1089 1190 1156 αό-

90 1195 149 1268 τός
172 1193 429 1278 &ueneror-orioro
450 1192 531 1260 κατοὶ
551 1193 605 1260 τόν
626 1192 721 1260 αὐτόν
741 1192 831 1278 λόγου
849 1195 916 1270 τοῖς
936 1191 1116 1278 μεγέθεσιν,
1138 1193 1188 1260 io-

90 1305 169 1385 opte
199 1295 288 1364 enim
315 1297 351 1364 in
382 1297 527 1364 editione
549 1295 735 1362 oxoniensi
764 1295 969 1362 ἇπιπέπουθε
989 1294 1044 1377 μέν
1064 1293 1189 1362 editum
1290 1350 1294 1360 ,

88 1410 155 1464 ert.
200 1399 313 1488 Volgo
343 1399 381 1464 io
410 1399 559 1487 ejusdem
593 1397 689 1464 libris
720 1399 873 1488 vulgares
905 1399 1029 1464 formae
1059 1403 1191 1464 τετελευ-

89 1499 242 1580 τηκέναι,
275 1501 511 1568 πεπιστευκέναι
532 1511 596 1568 eto.
627 1500 734 1568 editoe
755 1511 844 1570 eunt.
899 1499 1112 1566 simillimum
1139 1509 1191 1568 eet

88 1603 274 1686 πρυειδέμευ
302 1604 389 1694 opud
410 1603 591 1694 Archytam
612 1603 648 1668 in
664 1602 820 1693 Append.
844 1601 938 1670 Stob.
958 1601 1064 1668 Gaisi.
1084 1627 1119 1693 p.
1131 1603 1187 1672 46.

89 1703 191 1787 Quod
212 1703 339 1790 γεγάμεν
360 1706 396 1771 in
419 1706 476 1772 Et.
502 1703 551 1772 M.
575 1706 659 1788 224,
682 1703 724 1770 53
744 1704 906 1772 Doricum
925 1713 1060 1772 vocetur
1068 1751 1080 1790 ‚
1112 1729 1191 1796 pro-

88 1818 164 1898 pter
183 1807 444 1876 terminationem
465 1831 521 1892 μευ
541 1809 663 1874 sectum
684 1817 745 1872 est.

176 1912 211 1988 4)
254 1909 490 2000 Pertioipii
519 1909 736 1977 monolinum
766 1919 800 1974 et
830 1917 983 1974 neutrum
1012 1933 1087 1976 eom
1116 1913 1189 1980 vul·

88 2011 162 2101 geri
185 2011 311 2079 ratione
332 2009 417 2079 nihil
433 2013 630 2103 discrepent,
653 2022 690 2078 ut
704 2009 903 2086 irroratione
915 2007 1025 2077 Rhod.
1043 2011 1187 2098 252551„

89 2113 239 2196 εἰρηκότα
260 2113 371 2181 titud.
394 2114 502 2198 2905,
535 2111 760 2199 μεταλλαχότος
780 2111 883 2178 Ther.
906 2113 1011 2192 2448,
1048 2116 1190 2180 εὐδεόιω-

87 2215 168 2281 κόκα
188 2227 223 2282 ot
242 2216 455 2300 περυτευκότα
475 2215 630 2301 fler-eoi,
655 2213 887 2300 συμμεμυκότα,
910 2217 1186 2300 παρεξεστακότος,

88 2315 276 2395 ε’σκληκότες
298 2319 419 2410 Epich.
438 2319 491 2386 23.
511 2320 566 2386 04.
585 2319 665 2396 106,
688 2342 797 2410 neque
818 2341 963 2410 unquam
985 2317 1082 2386 iliter
1102 2322 1189 2409 apud

88 2420 342 2500 Archimedem,
372 2432 410 2486 ut
430 2421 472 2487 de
491 2421 602 2488 Helie.
626 2445 660 2510 p.
681 2421 746 2490 220
766 2417 957 2504 μεμεκακός,
981 2420 1021 2486 de
1044 2420 1187 2492 Conoid.

62 2565 67 2578 ·
89 2547 124 2612 ρ.
138 2523 205 2590 272
227 2519 408 2600 ἀεεοτακός,
432 2546 466 2611 p.
478 2523 542 2592 280
564 2523 771 2607 οἰκεστπκότα,
793 2523 899 2589 Aren.
915 2547 949 2614 p.
963 2522 1025 2590 331
1041 2547 1189 2590 κεκοινω-

13 2641 17 2650 ’
88 2624 275 2704 υηκότεσοε,
308 2625 645 2708 μεταλελαβηκότεσσε,
680 2625 967 2709 πεφρουτοκότεοσε.
1012 2623 1188 2694 Pindarico

88 2725 294 2814 κεχλάδοντας
326 2737 359 2792 et
384 2729 595 2814 πεφρίκοντας
625 2727 725 2816 Pyth.
756 2726 819 2812 IV,
841 2727 914 2796 179.
940 2727 1000 2794 183
1028 2727 1140 2817 potius
1169 2754 1188 2797 e

88 2829 253 2896 Lesbiae·
274 2828 414 2894 dialecto
434 2829 539 2920 repeti
560 2839 688 2920 oportet
709 2851 806 2920 quen
829 2851 848 2894 e
868 2829 992 2895 Dorion
1035 2827 1044 2846 '
1071 2877 1080 2894 .
1103 2831 1147 2896 L.
1171 2831 1190 2903 1

88 2931 123 3015 ᾖ.
138 2933 194 3017 27,
207 2931 240 2998 2.
275 2931 424 2998 Pessime
441 2925 465 2996 'e
486 2931 685 3020 quibusdem
707 2929 914 2998 ἐκλελάθοιτο
933 2929 1008 2998 The
1068 2979 1077 2998 .
1097 2933 1129 3020 Ι,
1144 2933 1188 3004 63

88 3034 131 3102 τό
151 3035 334 3124 perfeetum
356 3034 494 3100 relatum
516 3045 577 3100 eet.

174 3135 385 3204 Femininom
414 3135 502 3224 epod
533 3137 712 3228 plerosque
740 3137 955 3210 Dorieooiuor
987 3140 1188 3208 terminatio·

88 3263 166 3307 nem
194 3241 243 3302 εἶα
272 3237 412 3304 iubebat
434 3261 494 3328 pro
514 3239 587 3318 υἷα,
625 3240 722 3326 eujus
750 3240 883 3330 generis
913 3263 1003 3307 nune
1030 3243 1190 3333 leguntur

90 3343 236 3428 ε’ρρηγεῖα
258 3341 392 3406 Hereel.
417 3339 458 3406 B.
474 3341 515 3406 17
534 3363 648 3430 seqq.,
672 3343 906 3427 ε’πιτετελεκεῒα,
930 3345 1091 3426 εὀτακεῐα,
1116 3371 1189 3410 ουκ-

90 3443 256 3528 πγαγοχεῒα
284 3441 387 3508 Ther.
418 3443 516 3510 2448.
551 3443 589 3530 l,
612 3445 666 3512 27.
689 3445 752 3528 28,
783 3457 817 3512 et
844 3445 879 3510 in
909 3443 1019 3534 Myiee
1048 3447 1188 3538 epistola

89 3569 141 3612 nr.
165 3545 208 3610 13
231 3543 336 3610 Oreli.
368 3567 408 3610 ex
430 3543 565 3634 entique
584 3545 728 3612 tectione
749 3571 823 3614 ποτε
844 3547 961 3622 οἰκείας
980 3547 1067 3614 houd
1088 3547 1188 3618 dubie

89 3671 158 3713 noo
180 3649 378 3720 ποτεοεκυίας
396 3669 472 3712 oum
492 3645 622 3716 Koeoio
642 3647 684 3714 ed
708 3647 809 3738 Greg.
833 3647 874 3714 C.
897 3671 932 3738 p.
955 3649 1016 3718 191
1039 3660 1072 3715 et
1093 3649 1188 3720 Orel-

89 3749 137 3816 lio
160 3745 366 3813 efficiendum'
386 3759 458 3826 eet,
493 3749 553 3814 eed
574 3753 779 3826 ποτεοεκείας.
809 3789 851 3802 -
893 3751 994 3840 Apud
1013 3749 1198 3844 Archino·

92 3849 165 3915 dem
186 3849 383 3916 femininum
404 3849 734 3943 odeonjugetionem
756 3852 791 3918 in
814 3879 839 3916 ω
861 3852 1026 3936 deflectit,
1058 3877 1188 3936 μεμευα-

91 3955 191 4017 κοῦσα
214 3950 256 4018 de
279 3951 420 4018 Conoid.
445 3977 479 4044 p.
502 3953 578 4020 257.
601 3953 688 4022 258.-
699 3954 784 4032 250,
813 3951 1029 4018 ἆνεστακοῦσα
1052 3979 1085 4046 p.
1108 3955 1184 4026 268.

90 4053 165 4121 270.
188 4055 272 4134 272,
295 4053 336 4122 de
357 4079 494 4144 querum
515 4055 693 4122 ior-merum
714 4067 851 4124 recente
872 4053 960 4120 inire
980 4053 1142 4126 dicemus.

176 4155 211 4236 5)
246 4156 734 4246 Plusquomperieotum‚
758 4157 799 4224 de
821 4157 918 4244 oujoo
939 4158 1097 4246 genuinis
1117 4161 1184 4226 tor·

92 4257 155 4324 mie
185 4255 308 4324 Atticis
336 4283 451 4350 porum
478 4270 628 4338 constet,
660 4259 696 4328 io
716 4261 843 4328 Doride
864 4259 967 4326 multo
988 4259 1085 4326 etiem
1107 4260 1184 4351 ρΙυο
