2894 4820
231 413 266 456 Vl

233 593 322 668 adeo
347 617 393 665 ue
418 593 633 665 tenotomico
664 592 809 692 quidem
837 589 1123 685 Dietl'enbacbii,
1167 593 1324 667 clarissi-

232 699 282 768 mi
307 696 396 786 riri,
435 691 587 767 artificio
613 695 705 766 ricta
735 696 917 792 inceptum
943 720 1056 794 opns,
1089 695 1187 795 qnod
1213 700 1322 772 unus

231 800 318 870 anni
341 797 456 896 spatio
480 793 618 868 absolvi
645 821 750 894 posse
783 796 870 868 mibi
898 821 1165 894 persuaseram,
1207 803 1321 872 conti·

232 901 337 972 nuari
363 899 498 988 vetuit,
536 897 651 972 donec
677 895 877 972 obstinatae
904 898 1050 972 dextrae
1076 926 1207 972 munus
1233 903 1322 974 sini·

230 1013 304 1075 stra
340 1001 521 1097 suscipere
564 998 769 1096 didicisset,
826 1012 863 1074 et
894 999 1093 1074 Muellerus
1131 1005 1320 1075 immatura

230 1114 345 1177 morte
365 1105 405 1174 iu
423 1104 502 1198 ipsa
516 1098 666 1174 Graecia
685 1100 855 1201 abreptus
880 1101 1003 1175 orbern
1029 1115 1204 1176 terrarum
1222 1129 1318 1177 acer·

229 1205 378 1280 bissimo
409 1202 509 1276 luctu
537 1201 712 1301 implevit.
788 1205 915 1304 ltaque
941 1204 1040 1276 aliud
1072 1231 1202 1279 nomen
1233 1205 1319 1279 buic

228 1307 404 1381 volumini
440 1305 734 1403 circumspiciens
771 1309 876 1408 (narn
912 1304 1024 1380 libros
1065 1305 1314 1381 detunctorum

229 1409 394 1482 manibus
425 1405 614 1480 dedicandi
646 1435 781 1482 morem
812 1435 937 1507 parum
963 1407 1114 1507 probo),
1165 1436 1238 1482 non
1263 1412 1317 1482 in·

204 1513 311 1586 .veni
336 1535 541 1610 quenquam
568 1508 792 1609 digniorem,
826 1514 886 1584 cui
908 1509 975 1583 bac
1005 1513 1229 1607 potissimum
1258 1537 1314 1584 ra·

225 1615 324 1688 tione
350 1613 507 1684 animum
536 1613 689 1684 amicum
717 1625 753 1685 et
784 1625 926 1714 gratnm
959 1612 1165 1710 profiterer,
1208 1639 1315 1713 quarn

226 1717 305 1810 Te,
352 1717 408 1786 mi
444 1711 741 1806 Lachmanne,
796 1717 859 1814 qui
895 1713 939 1787 de
972 1717 1088 1812 primo
1123 1714 1217 1787 libro
1243 1727 1315 1788 tam

224 1815 399 1891 benevole
422 1813 665 1913 judicaveris,
708 1829 750 1888 ut
772 1815 841 1889 boc
867 1818 1042 1888 amicitiae
1067 1843 1149 1890 cunr
1176 1844 1316 1889 summo

225 1945 304 1994 meo
329 1915 461 2019 gaudio
490 1919 585 1990 inter
616 1943 683 1990 nos
715 1931 916 1994 contractae
942 1919 1053 1990 luerit
1079 1921 1312 2016 principium,

226 2023 290 2120 qni
315 2018 577 2092 Diell'enbacbii
611 2033 722 2092 artem
749 2034 941 2118 expertura
967 2018 1225 2120 benignissime
1250 2020 1315 2094 bo·

223 2124 370 2221 spitium
396 2119 516 2194 Tuum
550 2119 744 2214 obtuleris,
792 2125 1029 2219 semiaegrnm
1058 2148 1124 2219 per
1151 2125 1313 2221 quinque

222 2221 464 2297 hebdomades
490 2249 556 2321 pro
579 2221 687 2295 lratre
714 2251 884 2322 germano
908 2224 1061 2314 laveris,
1104 2223 1312 2302 subtristem

222 2327 433 2398 suavissima
477 2321 766 2397 confabulatione
813 2323 1090 2413 exhilaraveris,
1149 2329 1311 2424 peregri·

222 2425 788 2602 tttlttsstttttfiiltttt
807 2425 1309 2600 ¹¹⁰tl¹t¹t⁶⁰tttlltl

222 2629 313 2704 mibi
337 2627 479 2702 abunde
508 2625 716 2700 exhibueris
741 2553 965 2720 caridorem:l
994 2653 1100 2727 quem
1123 2631 1149 2700 ii
1175 2628 1308 2728 quibus

221 2734 371 2831 propius
398 2728 452 2802 Te
480 2755 695 2828 cognoscere
733 2731 885 2828 contigit
914 2755 989 2802 nou
1022 2731 1140 2802 minus
1171 2745 1305 2823 amant,

220 2859 328 2934 quam
363 2829 558 2904 doctrinam
588 2831 704 2904 Tuam
736 2830 970 2930 mdtiplicem
1008 2841 1044 2904 et
1078 2835 1306 2932 sagacitatem

219 2935 443 3008 admirantur
469 2957 603 3006 omnes.

321 3034 400 3110 Nec
425 3047 622 3133 temperare
647 3033 737 3106 mibi
763 3061 910 3133 possum
936 3039 1024 3138 quin
1051 3035 1120 3109 hoc
1145 3033 1225 3110 loco
1250 3063 1305 3109 re·

218 3138 401 3236 liquorum
439 3162 584 3237 quoque
621 3137 931 3230 Berolinansium,
957 3145 1135 3238 ‘quorum
1169 3139 1304 3235 insigni

179 3319 182 3326 ,
216 3237 439 3312 bumanitate
463 3263 552 3310 naus
576 3265 679 3330 sum,
727 3243 932 3314 memoriam
959 3243 1162 3339 gratissimo
1184 3241 1304 3311 animo

217 3340 352 3412 colam:
407 3338 650 3432 Boeclrbii,
695 3339 894 3414 Clarissimi
919 3343 1019 3435 Viri,
1055 3342 1118 3440 qui
1142 3338 1303 3437 reliquae

216 3443 375 3515 comitati
400 3440 439 3514 id
463 3440 614 3542 adjecit,
648 3453 690 3514 nt
711 3447 832 3542 copias
858 3446 898 3516 iu
924 3444 1094 3542 Corporis
1113 3441 1299 3537 inscripti-

216 3567 327 3616 onum
360 3542 577 3617 Graecarum
609 3571 715 3617 usum
744 3557 931 3646 congestas
960 3545 1048 3618 mibi
1082 3541 1301 3642 perlustran-

217 3643 281 3718 das
315 3656 373 3738 et,
432 3657 605 3744 quantum
641 3645 772 3721 licebat
805 3646 987 3722 scribendi
1021 3644 1187 3718 facultate
1224 3655 1300 3715 turn

214 3745 292 3820 iere
325 3746 515 3840 destituto,
557 3749 798 3846 excerpendae
823 3749 1034 3823 concederet
1041 3773 1053 3842 3
1104 3745 1297 3834 Franzii,

215 3874 289 3947 quo
321 3848 414 3921 nibil
445 3861 499 3922 est
527 3851 702 3924 sincerius
734 3864 770 3927 et
798 3851 1012 3938 officiosius,
1065 3847 1129 3944 qui
1158 3843 1299 3944 reliqua

215 3973 278 4022 sna
321 3951 361 4022 in
401 3975 459 4024 rue
498 3949 671 4027 beneficia
711 3955 963 4050 inscriptiones
1001 3946 1213 4047 Cyrenaicae
1257 3947 1299 4018 in

214 4075 334 4124 meum
383 4078 489 4126 usum
535 4053 749 4130 nitidissime
801 4050 1034 4128 describendo
1081 4045 1298 4144 cumulavit3

213 4149 449 4247 bleinelrii,
495 4180 603 4254 quem
637 4158 719 4232 Tuo
749 4181 888 4248 amore,
939 4155 1003 4252 qui
1035 4163 1090 4224 est
1119 4173 1298 4243 summus,

214 4251 380 4352 amplecti
411 4256 544 4332 didicis
598 4270 796 4355 ceterorum
833 4267 975 4356 praeter
1006 4253 1060 4326 Te
1093 4263 1128 4326 et
1158 4251 1298 4326 Meine·
1438 4313 1439 4340 ,
