2888 4818
248 395 323 472 194
653 401 709 471 De
735 396 933 472 vocalibus.

248 601 380 768 {9de
413 613 446 666 ct
474 595 530 685 ἦρι
559 602 677 690 Epicu.
701 603 762 680 29,
796 602 1016 690 Ixamatae
1047 603 1072 668 i.
1096 625 1125 667 e.
1156 601 1345 686 Καρνεάδης

279 725 369 792 yren.
397 705 429 770 2.

332 881 367 922 aa
389 857 422 921 in
446 853 664 921 declinatione
687 855 783 921 tertia
805 855 845 922 ab
861 835 1103 946 antiquioribus
1119 855 1343 924 Dorieoeibna

246 985 311 1026 uon
333 959 486 1026 videntur
506 981 580 1023 ease
603 966 783 1040 contracta,
807 957 874 1022 vid.
899 959 931 1040 ἓ.
954 957 1018 1043 30,
1051 959 1085 1024 in
1108 959 1344 1050 conjugatione

246 1087 295 1145 aa,
326 1085 389 1138 aar,
424 1083 476 1138 εη,
502 1083 535 1148 εῃ
558 1059 681 1148 ubique
705 1059 892 1126 coalescunt
913 1059 1009 1126 etiam
1032 1061 1066 1126 in
1089 1061 1248 1150 stirpibus
1272 1083 1342 1127 mo·

245 1161 444 1250 noeyllabia,
467 1161 535 1227 vid.
553 1163 583 1244 §.
601 1159 660 1238 38,
684 1174 907 1252 praeterquam
932 1163 967 1226 in
988 1165 1115 1228 νέεσθαι
1137 1163 1226 1229 Cret.
1240 1161 1340 1230 2555.

330 1340 388 1392 eo,
421 1339 497 1394 aar,
529 1341 613 1392 εον,
644 1339 692 1379 au
713 1317 770 1384 ubi
792 1319 1025 1384 contrahantur
1045 1319 1098 1386 vel
1119 1342 1185 1384 non
1207 1329 1344 1384 contra-

244 1421 378 1494 hantur,
412 1416 595 1482 videbimus
616 1419 648 1500 ξ.
672 1419 726 1484 25.
778 1419 875 1486 Nune
897 1420 1055 1486 monitum
1078 1421 1249 1502 volumno,
1284 1419 1343 1488 ad·
1433 1445 1437 1452 ·

240 1519 363 1604 jectiva
386 1519 420 1582 io
444 1543 494 1594 εος
517 1519 666 1586 exeuntia
689 1529 725 1584 ut
739 1519 870 1604 χρύσεος
892 1545 1059 1610 nunquam
1083 1523 1342 1590 contractionem

243 1619 331 1710 pati,
355 1621 398 1685 cl'.
421 1620 453 1702 ἓ.
478 1622 535 1703 17,
538 1623 585 1720 3

329 1799 386 1850 ια,
421 1797 454 1838 οε
486 1775 519 1840 iu
550 1777 770 1844 declinatione
804 1779 897 1844 tertia
926 1801 1092 1867 nunquam
1122 1779 1342 1865 coalescunt3

242 1879 310 1961 τρῖς
337 1877 390 1941 vel
418 1879 499 1958 rocio
528 1901 588 1968 pro
609 1884 690 1962 τρίνς
711 1892 743 1947 et
764 1885 853 1964 τρνάς
875 1904 892 1946 e
915 1881 1076 1946 contrario
1098 1903 1266 1968 uunquam
1291 1881 1343 1946 di·

243 1979 369 2046 aeresin
393 1979 543 2044 admittit.

326 2161 390 2208 οα,
415 2158 472 2212 οε,
505 2159 566 2210 οο,
599 2159 649 2198 ou
672 2131 706 2196 in
730 2131 948 2200 declinatione
969 2134 1064 2202 tertia
1086 2145 1233 2224 (excepta
1255 2159 1342 2202 voce

241 2239 331 2318 βοῦς)
361 2246 393 2300 ct
422 2235 457 2299 in
490 2233 723 2323 conjugatione
744 2235 915 2300 verborum
935 2235 970 2300 iu
993 2261 1036 2300 οω
1059 2259 1189 2323 semper
1208 2249 1343 2303 contra·-

241 2337 372 2402 lruntur.
427 2335 567 2401 Nomina
602 2335 635 2400 in
667 2361 721 2411 οος
750 2337 900 2401 exeuntia
931 2337 964 2402 iu
995 2337 1179 2425 antiquiore
1208 2337 1343 2406 Doride

241 2463 336 2529 aacpe
359 2463 425 2504 non
448 2439 702 2518 contrahuntur,
727 2447 763 2501 ut
784 2437 878 2512 artuino
900 2436 1019 2528 Sophr.
1043 2439 1086 2522 (i,
1116 2437 1189 2513 νόος
1211 2437 1339 2528 Epiclr.

242 2541 322 2616 133,
355 2539 431 2626 χόον
462 2541 597 2627 Corcqr.
629 2541 732 2622 1838,
774 2537 887 2614 εὐνόως
920 2551 952 2603 et
985 2541 1086 2606 advoca
1114 2540 1203 2606 Cret.
1234 2541 1339 2610 3048.

240 2641 343 2726 31152,
369 2635 493 2717 derideas*
519 2642 607 2706 Cret.
630 2639 725 2708 2554.
749 2642 855 2719 2555,
888 2642 1107 2706 δυωδεκάπλοα
1128 2643 1234 2708 Brun.
1262 2647 1342 2720 (scd

239 2747 365 2809 dorstado
396 2745 498 2810 Ther.
531 2745 628 2812 2448.
663 2743 748 2820 vll,
777 2745 839 2826 28,
886 2743 1074 2809 adverbium
1108 2745 1199 2820 διπλῆ
1232 2743 1338 2812 Coro.

242 2845 342 2923 1845,
376 2849 476 2912 διπλοῖ
497 2845 629 2912 Heracl.
654 2846 691 2928 l,
713 2845 774 2922 61,
809 2849 923 2921 ἔξαπλα
945 2844 991 2931 (t)
1015 2845 1105 2910 Cret.
1129 2845 1231 2922 2554,
1256 2845 1340 2934 55),

240 2947 373 3030 ἐπιπλόῳ
403 2947 521 3036 Epieh.
544 2947 576 3013 8.
634 2945 708 3012 Nou
731 2945 839 3010 minus
860 2945 992 3012 nomina
1013 2948 1048 3011 in
1072 2958 1134 3024 oer'e
1155 2949 1240 3036 apud
1263 2949 1341 3016 Do-

239 3053 367 3118 rienses
398 3051 600 3140 antiquiores
632 3049 685 3114 vel
714 3048 867 3136 antiquae
895 3047 1031 3114 rationis
1053 3061 1182 3114 tenaces
1204 3063 1341 3118 contra·
1442 3095 1443 3132 ,

240 3155 379 3220 ctionem
403 3151 654 3227 aversabantur,
688 3161 727 3214 ut·
747 3149 834 3214 Cret.
860 3151 967 3234 2554,
992 3151 1052 3216 135
1084 3149 1338 3232 Ἀρκεοθόοντα,
1442 3171 1443 3176 ’

240 3253 568 3330 Ι.139“Σπινόεντα,
602 3252 626 3315 1.
653 3251 710 3316 141
750 3255 970 3338 Πρινοεόοας,
1004 3251 1038 3315 in
1073 3251 1217 3340 antiquis
1246 3251 1341 3320 Seli·
1442 3275 1443 3328 t

236 3357 351 3424 nuntio
383 3356 524 3422 nummis
553 3353 681 3418 Mionn.
715 3353 832 3417 Deser.
869 3353 886 3418 1
917 3377 950 3442 p.
974 3353 1037 3420 285
1071 3359 1210 3428 Σελινοες
1242 3354 1265 3418 1.
1302 3381 1338 3422 e.

239 3459 395 3539 Σελινόοις
424 3458 473 3535 (iu
496 3455 571 3522 aliie
595 3461 722 3528 Σελινος
751 3465 784 3520 et
804 3463 997 3520 &aaronem
1022 3454 1046 3518 i.
1070 3477 1100 3519 e.
1123 3459 1271 3530 Σελινοῦς
1303 3469 1341 3523 et
1442 3463 1443 3532 Q

239 3561 487 3640 Σολινουντίων),
511 3559 575 3622 alia
598 3556 830 3624 contractionis
850 3556 1000 3645 exempla
1021 3555 1096 3621 vide
1117 3555 1148 3638 ἕ.
1172 3555 1224 3633 25,
1243 3557 1276 3621 4.
1298 3561 1336 3626 d.

323 3738 396 3804 Hoc
417 3737 491 3802 loco
514 3735 608 3802 etiam
630 3733 764 3824 antiqua
785 3735 889 3800 forma
921 3733 1085 3798 Ἀθαναία
1105 3755 1165 3822 pro
1186 3731 1338 3821 Ἀθάνα,
1442 3759 1443 3814 q

238 3839 366 3917 ’Λθὴνη
396 3836 675 3904 commemoranda
706 3845 774 3913 cat,
807 3857 890 3926 qaae
920 3835 1043 3924 legitur
1070 3834 1104 3900 in
1132 3834 1268 3924 antiquo
1291 3839 1338 3904 ti·

239 3941 311 4008 tulo
344 3939 509 4006 Laconico
540 3963 589 4004 ur.
613 3940 654 4004 71
686 3937 811 4020 Leah,
850 3937 938 4002 Cret.
970 3937 1067 4005 2554.
1098 3935 1194 4004 2555.
1230 3937 1336 4020 2556,
1442 4023 1443 4030 ,

240 4041 399 4106 'Arenata
432 4039 465 4104 io
487 4039 690 4127 fragmento,
722 4039 809 4129 quod
829 4039 983 4108 Ateraani
1003 4037 1225 4120 maureium,
1252 4040 1335 4108 uid.
1442 4077 1443 4122 q

240 4143 317 4224 §.4
349 4151 416 4206 not.
441 4141 482 4220 53
513 4152 625 4206 contra
655 4151 818 4210 contracta
842 4143 944 4208 forma
964 4140 1089 4207 ’Λοάνα
1110 4153 1161 4207 est
1181 4139 1334 4229 Lysistr.
1442 4157 1443 4170 ²

241 4241 343 4324 13⁰⁰,
373 4241 501 4306 Ἀθάνα
523 4241 653 4310 Heraol.
676 4253 739 4308 etc.
