2894 4820
444 409 536 505 51
581 415 868 492 Ῥππππιοιιπιιᾶπ
1126 373 1127 377 ¹
1179 413 1204 492 3
1274 393 1277 400 ’

88 619 166 686 hard
182 619 304 687 malae
329 621 467 688 aetatis.
520 619 613 687 Adeo
635 621 761 687 Achaei
780 620 997 710 Aegialenses
1018 620 1148 686 saeculo
1171 642 1201 686 a

93 721 164 786 tar.
181 723 346 788 menardo
362 722 490 790 Dorice
509 722 637 813 loquuti
658 745 731 788 esse
750 723 918 790 uidentur
914 717 1203 811 51111554)

100 835 128 887 et
146 825 324 890 Arcadum
347 823 550 890 recentiores
570 823 659 890 tituli
676 823 791 912 linqua
812 825 945 890 omnino
963 823 1086 890 Dorica
1107 835 1203 890 utan-

102 935 170 1043 ἱππ,
190 949 389 1016 quanquam
411 924 613 1016 antiquiores
631 926 828 1034 peculiarem
850 925 1022 992 dialectum
1036 925 1203 1011 exlnhent,

157 1073 291 1193 ‘Eitea
313 1075 474 1194 lithmum
496 1127 614 1216 Argivi
633 1125 902 1217 Amphilochiei,
942 1125 998 1216 qui
1020 1137 1112 1192 crant
1131 1129 1203 1194 bar·

108 1229 198 1294 harae
220 1229 382 1318 originis,
406 1229 446 1294 ab
463 1228 684 1296 Ambraciotis
704 1230 740 1294 in
762 1229 924 1294 civitatem
945 1228 1086 1316 acceptis
1102 1228 1202 1296 Grae·

111 1353 177 1394 eam
198 1329 368 1418 linguam,
403 1329 544 1395 Doricae
573 1329 689 1419 procul
716 1330 816 1396 dnbio
838 1329 986 1412 dialecti,
1019 1353 1202 1420 assumpse·

112 1443 181 1496 rant
197 1430 393 1519 Thucydide
420 1439 503 1495 teste
530 1430 587 1514 11,
609 1430 662 1498 68.
726 1431 798 1498 Nee
826 1431 936 1496 minus
957 1431 1080 1496 Dorica
1101 1431 1201 1498 Acar·

111 1557 227 1598 mun
248 1531 431 1616 dialectos,
453 1554 537 1621 quae
551 1515 594 1596 ⁸in
615 1531 720 1598 titulis
741 1531 877 1598 secundi
897 1531 1020 1597 saeculi
1041 1533 1202 1622 conspici-

113 1644 183 1716 ἱππ,
224 1657 243 1698 a
276 1633 522 1700 Corinthiorum
553 1632 588 1697 in
619 1656 656 1699 ea
684 1643 775 1724 parte
803 1631 941 1698 coloniis
972 1631 1055 1697 duci·
1079 1644 1199 1722 potest.

114 1735 231 1800 Contra
252 1735 340 1799 haud
362 1734 457 1799 facile
477 1730 673 1816 credideris,
704 1733 843 1800 Aetolos
865 1757 883 1798 a
903 1731 1101 1818 Messeniis,
1143 1734 1201 1824 qui

114 1835 342 1926 aliquantisper
373 1833 577 1925 Naupactum
608 1843 812 1920 tenuerant,
841 1835 997 1900 Doricam
1028 1834 1202 1900 dialectum

113 1938 289 2027 accepisse,
325 1959 392 2026 qua
409 1937 499 2004 eirea
526 1961 557 2002 a.
578 1937 644 2004 200
670 1959 748 2002 usos
770 1960 841 2002 esse
862 1935 951 2001 tituli
970 1935 1108 2020 docent,
1143 1937 1202 2001 sed

113 2061 152 2103 eu
187 2039 340 2104 libentius
375 2038 555 2129 antiquam
574 2039 706 2128 linguae
747 2036 974 2126 cognationem
1008 2046 1199 2120 statuemus,

115 2139 199 2228 qnod
222 2139 334 2207 Aetoli
367 2163 436 2205 uno
469 2140 583 2206 saltem
615 2137 801 2204 testimonio
830 2138 932 2218 (L.l
963 2139 995 2220 5.
1020 2137 1037 2200 1
1067 2145 1136 2200 not.
1160 2137 1200 2216 5)

115 2253 219 2307 ronna
247 2241 419 2330 uulgarem
451 2241 652 2334 antiquitatis
685 2240 873 2330 opinionem
903 2237 990 2303 inter
1018 2235 1199 2302 Dorienses

115 2345 302 2408 referamur.
348 2341 519 2432 Delphos,
554 2365 693 2432 quornm
713 2341 801 2406 titali
823 2365 889 2407 non
910 2339 1019 2404 minus
1040 2337 1199 2403 Doridem

115 2445 270 2529 reserum,
297 2435 461 2510 llliillerus
483 2443 566 2509 Dor.
589 2444 661 2534 lp.
684 2445 746 2511 211
769 2441 950 2508 Dorienses
970 2440 1073 2506 luisse
1094 2439 1198 2504 credi·

114 2545 176 2629 dit,
206 2546 246 2612 de
267 2569 333 2635 qna
355 2568 392 2610 re
421 2543 508 2608 inlra
522 2541 728 2611 accuratius
745 2543 938 2611 videbimus.
994 2539 1196 2623 Phocenses,

114 2646 310 2732 lemures,
331 2647 593 2712 'lhaumacsnses
614 2648 712 2738 (qnae
732 2655 782 2711 est
795 2641 994 2710 Phthiotidis
1015 2641 1106 2719 urlas)
1128 2639 1198 2706 Do·

114 2748 177 2814 ride
196 2773 274 2815 usas
296 2773 370 2814 esse
386 2747 616 2838 inscriptiones
631 2747 848 2837 patefaciunt,
871 2767 954 2834 quos
969 2767 1029 2808 nce
1042 2741 1198 2807 Doricam

114 2847 279 2916 dialectum
310 2861 473 2916 matuatus
507 2873 580 2916 esse
611 2871 719 2940 neque
757 2847 848 2940 ipsos
881 2845 1062 2912 Dorienses
1094 2843 1197 2908 luisse

114 2953 277 3042 qaisquam
299 2949 486 3018 crediderit.
530 2952 643 3042 ltaque
663 2973 724 3042 per
744 2947 1027 3040 septentrionalem
1042 2944 1198 3016 Graeciae

113 3069 227 3142 partem
249 3053 430 3142 antiquitus
451 3051 486 3116 id
506 3052 638 3140 linquae
661 3076 765 3140 perans
785 3071 957 3138 regnasse,
980 3045 1106 3135 quoda
1128 3045 1197 3109 Do-

113 3155 270 3222 riensihns
304 3179 345 3220 ex
377 3153 435 3219 illa
475 3153 610 3241 regione
641 3153 782 3242 egressis
811 3151 969 3218 Doricum
1001 3147 1197 3238 appellatum

113 3269 172 3342 rat,
200 3257 271 3344 jana
291 3280 380 3322 unna
400 3277 523 3348 ponere
543 3253 633 3321 lieet.
688 3255 778 3320 lnl'ra
806 3254 847 3320 ad
878 3273 948 3335 eam
977 3247 1198 3342 quaestionem

113 3381 322 3426 maneremus.

188 3461 228 3528 ln
259 3459 358 3527 Creta
381 3459 499 3526 multas
527 3457 625 3524 urbes
652 3455 774 3522 Dorice
803 3454 954 3544 loquutus
981 3473 1072 3534 esae,
1116 3471 1197 3541 quas

116 3583 217 3630 annes
237 3561 421 3628 Dorienses
443 3561 579 3628 colonos
600 3558 765 3648 accepisse
791 3579 851 3622 nec
879 3553 1030 3619 traditum
1058 3560 1108 3615 est
1135 3573 1197 3616 nce

115 3665 301 3748 verisimile,
325 3662 555 3752 inscriptiones
577 3661 713 3743 docent,
735 3657 801 3724 vitl
824 3657 857 3742 5.
878 3658 917 3734 2,
939 3655 972 3722 9.
1017 3653 1123 3740 Igitur
1143 3650 1197 3714 hie

115 3763 223 3832 Dorica
252 3712 366 3854 liaigua
393 3789 461 3829 non
494 3764 601 3828 minus
629 3761 669 3827 ad
701 3760 840 3852 populus
862 3755 1013 3822 barbaros
1036 3763 1090 3817 ant
1111 3761 1197 3815 certe

115 3889 169 3932 acu
189 3869 334 3936 Doricos
358 3875 534 3956 propagata
555 3875 623 3948 est,
661 3887 757 3952 qnam
778 3861 813 3925 in
836 3857 970 3941 Sicilia,
1005 3854 1092 3920 uhi'
1082 3851 1197 3918 anseri-

115 3969 234 4059 flama
251 3969 511 4060 Segestanorum
530 3979 563 4035 et
582 3965 835 4048 Alacsinorum,
864 3959 922 4050 qui
944 3967 1035 4029 erant
1056 3951 1196 4036 barbari,

114 4201 262 4278 &lagida
284 4151 711 4260 necdirutaestneebolloc
697 4205 830 4263 raupta
763 4193 898 4247 ππίιιιππ
891 4189 970 4270 cept
989 4184 1140 4238 πὶιιοὶοπππ
1143 4193 1196 4250 cta,

109 4295 241 4369 tttpacc
244 4311 313 4350 nane
333 4288 557 4359 tempeatibera
574 4297 634 4339 erat
652 4277 855 4352 ertDpopic'a

961 4395 1001 4460 1.
