2862 4808
288 361 365 440 428
399 361 432 458 §.
444 362 506 442 50.
526 365 582 438 De
594 363 745 441 Doridis
760 391 939 466 generm
954 381 990 442 st
1003 366 1209 466 specierum
1226 366 1370 468 origine.

287 593 405 655 usum,
427 595 494 661 quc
515 572 659 640 severior
678 572 780 640 Doris
801 573 941 640 maxime
964 571 1198 665 distinguitur,
1221 599 1295 642 cnm
1316 576 1376 641 La·

287 671 427 738 cunibus
449 696 654 740 communem
675 675 796 742 babent
816 685 853 740 ut
873 675 959 744 Gen.
982 675 1125 764 Μόσχω,
1153 679 1211 746 sed
1232 677 1375 760 omnino,
1416 721 1417 756 ι

288 775 505 864 quantumin
527 787 616 844 unu
638 775 778 842 loutium
799 778 938 866 penuria
959 780 1115 870 cognosci
1136 791 1262 869 potest,
1296 779 1375 845 nibil
1416 775 1417 810 ³

287 877 357 943 lere
387 898 463 943 cum
493 878 553 946 illa
583 877 740 946 differunt
768 891 992 972 praeterquam
1021 881 1189 948 vocalibus
1218 909 1257 948 uc
1287 882 1323 947 iu
1342 907 1376 944 αυ

287 980 465 1048 contractis
493 991 529 1046 ut
556 979 738 1062 Εὐμηλίδαυ
767 981 853 1048 Gen.
883 1006 944 1073 pro
971 982 1172 1066 Edpuildno,
1206 983 1290 1050 Dor.
1314 983 1376 1048 Ei-

287 1081 412 1163 putide.
467 1083 583 1176 ltaque
609 1081 639 1148 si
669 1081 705 1148 in
734 1082 805 1151 illis
834 1085 1046 1176 regionibus,
1082 1085 1170 1151 unde
1198 1085 1376 1152 Dorienses

286 1182 501 1272 prodicmnt,
533 1184 620 1274 apud
642 1185 785 1274 populos
807 1209 882 1252 cum
902 1188 986 1277 ipsis
1007 1187 1301 1274 conjunctissimos
1321 1187 1376 1252 mi·

286 1283 354 1350 tius
383 1283 520 1352 Doridis
553 1309 658 1376 genus
688 1285 814 1372 valuit,
856 1289 943 1378 apud
973 1289 1123 1356 Arcades
1157 1289 1377 1380 Peloponnesi

287 1385 488 1474 Aborigines
504 1386 619 1476 lingua
635 1387 792 1456 severiori
806 1389 925 1456 Doridi
940 1391 1034 1459 valde
1048 1391 1247 1482 propinqua,
1269 1413 1377 1458 noune

285 1488 465 1556 verisimile
494 1499 563 1573 est,
603 1487 782 1580 Spartanos
808 1493 991 1582 priscorum
1020 1493 1201 1560 incolarum
1232 1493 1375 1581 linguam

285 1589 481 1680 adoptasse'l
526 1589 735 1681 Stupebant,
758 1593 867 1682 quiin
882 1617 920 1659 ca
934 1595 1091 1684 opinione
1109 1597 1254 1680 baercot,
1280 1595 1376 1684 Spar·

285 1703 380 1760 tanos
401 1692 559 1760 Doricam
586 1694 623 1760 iu
652 1717 782 1784 quaque
807 1719 844 1762 rc
873 1697 1104 1792 proprietatem
1126 1697 1376 1787 religiosissime

287 1817 446 1864 servasse.
491 1793 609 1886 Neque
630 1809 737 1862 tamen
759 1819 797 1864 ca
818 1798 981 1885 suspicio,
1013 1823 1080 1888 quo
1101 1799 1328 1888 imprudentes
1347 1809 1376 1862 ct
1417 1849 1418 1864 ,

285 1921 391 1988 paene
422 1897 518 1964 inviti
546 1898 646 1964 delati
678 1921 814 1984 sumus,
856 1923 916 1989 per
948 1923 985 1968 sn
1015 1899 1116 1968 nimis
1144 1900 1288 1966 absurda
1315 1911 1373 1966 est
1417 1937 1418 1950 ι

285 1999 415 2090 Reputa
442 1999 551 2084 enim,
586 2023 684 2091 quam
710 2011 836 2068 mature
857 2000 1012 2068 Germani
1039 2003 1126 2069 iuter
1152 2001 1293 2092 populos
1314 2001 1374 2066 La·

285 2101 373 2168 tiuac
401 2101 535 2194 liuguae
562 2105 784 2184 assuefactos,
817 2101 998 2170 Normanni
1030 2103 1117 2170 inter
1144 2103 1373 2190 Francogallos

284 2202 408 2292 patriae
426 2203 561 2294 linguae
587 2204 682 2272 obliti
711 2204 789 2270 sint.
844 2203 971 2288 Quidni
992 2204 1164 2295 Spartani,
1199 2205 1297 2294 pauci
1318 2227 1373 2268 uu·

284 2328 395 2389 meru,
426 2305 633 2374 Achaeorum
661 2329 699 2372 ca
725 2315 829 2374 aetate
848 2306 934 2371 baad
957 2305 1057 2372 dubie
1079 2305 1255 2373 cultiorum
1278 2305 1374 2370 diale·

285 2417 373 2474 ctum
394 2406 511 2474 leviter
532 2431 550 2472 a
572 2431 631 2474 sua
654 2407 891 2500 discrepantem
912 2409 1083 2498 adoptasse
1100 2419 1264 2498 putemus,
1286 2429 1374 2497 prac-

286 2507 398 2575 sertim
420 2533 522 2600 quum
543 2509 680 2576 llclotcs
702 2509 829 2577 Acbaei
857 2511 892 2574 iu
920 2508 1057 2576 familiis
1082 2509 1288 2576 dominorum
1307 2533 1373 2574 scr-

286 2623 435 2678 earcntur
463 2624 496 2678 et
525 2635 627 2700 quum
655 2621 730 2677 ante
758 2613 852 2701 leges
872 2612 1063 2701 Lycurgecs
1086 2609 1238 2699 Spartani
1260 2635 1279 2674 a
1301 2611 1373 2676 reli·

284 2713 362 2802 quis
384 2714 568 2782 Lccooieae
590 2713 711 2780 incolis
732 2715 789 2780 vix
809 2725 976 2805 tantopere
999 2713 1116 2780 secreti
1137 2723 1261 2778 essem.
1311 2711 1373 2778 lle·
1418 2699 1419 2792 l

284 2815 369 2880 clius
392 2814 613 2901 dubitavcris,
645 2840 687 2882 an
708 2815 891 2882 Dorienses
919 2827 994 2884 unte
1015 2814 1177 2883 coloniam
1200 2813 1372 2894 Creticam,
1418 2865 1419 2874 ,

284 2939 369 3005 quae
398 2919 547 3008 proximo
575 2929 650 3008 post
672 2917 821 3007 Spartam
849 2927 975 3008 captam
1003 2928 1147 3006 tempore
1169 2915 1307 2982 deducte
1327 2915 1376 2978 vi-

285 3017 421 3102 deatur,
453 3019 628 3109 dialectum
650 3020 795 3085 nondum
816 3019 1024 3085 mutaverint.
1083 3021 1129 3082 At
1149 3017 1243 3095 vidc,
1281 3041 1374 3107 quam

285 3119 487 3188 Creticarum
515 3145 624 3188 rerum
652 3122 791 3212 repetita
818 3119 1048 3212 contemplctio
1078 3118 1299 3208 suspicionem
1321 3143 1375 3183 uo·

284 3233 383 3290 stram
405 3247 471 3291 nou
493 3225 674 3314 infringat,
696 3225 756 3292 scd
778 3222 957 3288 confirmet.
1002 3221 1149 3310 Lpetus,
1171 3243 1258 3309 quac
1281 3220 1373 3310 Spar·

187 3397 188 3402 η
282 3335 432 3392 unorum
454 3327 583 3394 colonia
605 3325 808 3416 appelletur,
831 3345 895 3413 qua
917 3323 1056 3390 diclccto
1078 3345 1137 3387 usa
1156 3321 1285 3387 sitnon
1302 3345 1373 3386 con·

283 3436 358 3491 stat.
408 3427 517 3495 Pollis
546 3437 579 3494 et
605 3427 781 3515 Delphus,
816 3425 875 3516 qui
904 3423 1064 3490 coloniam
1092 3447 1111 3489 e
1134 3423 1300 3490 Laconica
1321 3423 1371 3488 de·

283 3527 418 3594 duxisse
448 3530 617 3613 feruntur,
653 3528 805 3594 Acbaeos
834 3523 972 3592 maxime
999 3537 1096 3614 atque
1116 3523 1248 3612 llliupas
1271 3535 1373 3590 traxe-

281 3641 361 3694 runt
381 3654 400 3696 c
419 3631 540 3720 priscis
563 3631 747 3696 Laconicae
770 3627 891 3695 iaculis
902 3673 914 3711 ,
946 3625 1068 3716 quibus
1090 3626 1288 3692 severiorem
1308 3627 1372 3692 Do-

282 3730 388 3797 ridem
409 3731 668 3816 vindicavimus,
700 3731 826 3821 reliqua
848 3739 975 3819 prseter
995 3729 1159 3816 linguam,
1192 3751 1279 3817 quae
1298 3727 1374 3793 otei

283 3855 349 3922 quc
369 3843 474 3899 terrae
496 3833 682 3900 communia
710 3845 808 3916 sunt,
839 3833 996 3922 pleraque
1022 3829 1152 3896 facilius
1179 3831 1220 3894 ad
1252 3829 1373 3919 prisco-

282 3957 356 4000 rum
376 3934 558 4002 incolarum
587 3934 837 4024 cognationem,
871 3955 968 4022 quam
997 3929 1038 3996 ad
1059 3930 1296 4020 Spartanorum
1323 3953 1373 3996 co-

282 4034 404 4102 loniam
425 4035 511 4102 trabi
543 4046 691 4126 possunt.
746 4035 937 4110 Postremo,
970 4031 1005 4097 it
1037 4031 1126 4122 quud
1148 4031 1302 4121 inprimis
1323 4057 1373 4097 ur·

283 4158 416 4224 gemus,
449 4161 507 4204 cac
538 4137 707 4220 civitates,
740 4136 861 4228 quibus
880 4133 1077 4203 severiorem
1098 4133 1259 4200 Doridem
1282 4133 1374 4200 lami·
